2748 4496
64 1983 73 1994 ,
116 1877 435 1982 Praestantissima
455 1912 517 1980 illa
539 1913 581 1979 de
594 1911 733 2001 Orpheo
755 1914 999 2002 disputatione,
1022 1939 1089 2004 qua
1109 1919 1198 1988 nihil

118 2021 199 2086 tulit
231 2017 402 2084 recentior
423 2025 518 2083 aetas
540 2017 630 2102 quod
663 2017 866 2102 Bentleiano
894 2020 1029 2106 ingenio
1052 2018 1197 2090 'similius

120 2125 181 2199 sit,
214 2141 314 2206 quarn
348 2121 486 2206 egregia
516 2119 731 2188 Hermannus
760 2121 803 2188 de
825 2123 1073 2208 Panopolitano
1097 2135 1198 2210 poeta

120 2227 167 2288 sit
188 2227 327 2288 meritus
348 2225 417 2287 iam
439 2211 559 2288 docuit
580 2237 727 2290 eventus.
772 2223 839 2288 His
859 2227 1017 2290 nimirum
1040 2225 1199 2294 firmissi-

119 2329 187 2392 mis
205 2325 439 2392 fundamentis
459 2325 582 2407 innisi,
604 2323 671 2390 hoc
694 2326 850 2410 exemplo
872 2328 1021 2408 incitati,
1050 2329 1199 2396 Gerhan

119 2429 206 2510 dus,'
220 2426 458 2507 Wernicffius,
481 2425 655 2502 Graefius,
679 2425 852 2506 Stamina,
876 2429 1021 2514 denique
1033 2432 1079 2512 is,
1103 2435 1200 2500 cuius

119 2531 229 2598 libelli
256 2530 432 2596 Nonniani
461 2531 612 2596 editione
640 2527 724 2594 mihi
752 2529 837 2596 haec
864 2537 940 2594 orta
963 2537 1015 2597 est
1036 2535 1200 2601 disserta-

119 2633 290 2714 tiuncula,
316 2632 505 2699 Passovius
527 2631 570 2697 ad
592 2631 682 2697 hunc
705 2629 912 2698 Graecarum
935 2607 1123 2700 litterarum
1145 2639 1199 2704 lo·

118 2758 196 2804 cum
226 2737 379 2822 aggressi
406 2735 614 2802 laetissimos
643 2733 777 2799 fructus
799 2736 1016 2802 rettulerunt.
1058 2737 1227 2820 craeso,

118 2839 258 2925 quidem
280 2844 315 2903 et
335 2837 504 2904 Passovio
526 2857 593 2902 non
613 2835 704 2903 idem
726 2835 798 2902 fuit
819 2837 1014 2904 consilium
1042 2860 1117 2907 cum
1139 2843 1202 2908 ille

121 2949 255 3009 textum
287 2939 577 3025 Dionysiacorum
609 2943 770 3026 quantum
803 2943 1084 3026 assequiposset
1104 2939 1216 3012 vitiis'

122 3050 303 3132 purgatum
325 3041 489 3110 exhibere
509 3041 630 3118 vellet,
654 3039 841 3106 Passuvius
863 3043 1064 3110 certissimis
1091 3045 1201 3116 Meta·
1332 3071 1335 3076 ·

120 3147 259 3233 phrasis
280 3145 602 3230 interpolationibus
624 3144 744 3208 eiectis
766 3150 929 3228 apparatu
943 3147 1201 3229 potiussuturas
1229 3171 1238 3178 ·

120 3258 157 3316 et
177 3249 290 3316 iustae
312 3247 475 3314 editionis
495 3245 726 3331 componendo
738 3249 967 3332 acquiescere.
1001 3249 1202 3318 Sicsactum

122 3359 190 3428 est,
214 3357 251 3420 nt
273 3351 400 3443 multae
421 3369 485 3416 neo
506 3348 709 3415 dubitabiles
732 3349 981 3415 emendationes
1002 3351 1037 3415 in
1051 3353 1202 3438 margine
1291 3337 1302 3354 ’

122 3455 341 3520 delitescant.
383 3453 504 3520 Justae
524 3473 608 3518 veru
630 3440 868 3535 Metapb'rasis.
882 3452 1025 3518 editioni
1046 3461 1117 3520 tum
1141 3457 1204 3520 de-

120 3577 213 3622 mum
234 3557 331 3626 iocos
353 3557 438 3637 erit,
460 3555 517 3622 ubi
541 3555 628 3619 duae
649 3555 862 3638 quaestiones
884 3554 1075 3638 explicatae
1096 3562 1132 3624 et
1144 3577 1205 3624 ex.

123 3659 265 3743 peditaa
293 3664 407 3725 erunta
435 3665 470 3725 et
496 3658 641 3742 primum
664 3657 818 3741 quidem,
842 3656 966 3740 quibus
986 3655 1046 3722 bic
1067 3654 1213 3740 libellus,
1271 3709 1276 3730 ,

123 3763 294 3830 obnoxius
325 3761 435 3828 suerit
469 3759 747 3853 corruptionibus
776 3777 839 3841 per
867 3777 941 3832 eos,
968 3759 1029 3844 qui
1051 3765 1203 3846 pressius

122 3845 218 3931 illim
248 3885 354 3951 quam
380 3863 513 3930 auctori
540 3861 752 3946 propositum
778 3861 892 3926 luerat
918 3861 1107 3948 Evangelio
1133 3867 1203 3954 ipsi
1244 3895 1247 3902 ·

121 3967 416 4038 accommodatum
438 3965 613 4036 volebuuu
638 3962 777 4046 deiude,
799 3969 963 4050 quatenus
985 3972 1107 4036 auctor
1128 3972 1203 4057 ipse
