2748 4496
1110 255 1188 336 257

89 447 260 544 tpntpuv
296 451 336 530 (i.
377 473 406 522 e.
444 452 527 536 σῶν)
567 445 622 524 ὅτι
663 453 745 543 χαῖα
777 454 986 522 ooniunetim
1009 455 1185 542 legantur.

90 559 169 632 Neo
191 558 235 624 de
256 556 452 646 Δορβιιικῶν
472 559 621 642 eogitari
643 556 788 626 debehat
799 557 946 641 XXVI,
969 561 1051 626 3³⁹2
1075 558 1188 627 torma

90 661 255 749 Δέρβικες
281 681 327 726 ex
356 661 435 724 aliis
464 661 694 746 scriptoribus
723 675 817 745 cepta
845 669 907 728 est.
950 661 1010 728 Me
1031 662 1187 730 animad-

93 767 203 834 vertit
229 763 345 850 potius
368 754 566 848 Ἀραχώτων
593 763 727 832 XXVI
734 811 745 847 ,
770 765 850 846 148,
872 787 948 832 cum
971 763 1100 846 XXX,
1123 769 1187 832 311
1257 753 1260 768 '

93 869 231 954 legatur
274 860 483 953 ἐχραμόθους
525 859 729 954 Ἀραχώτας.
796 867 864 934 Sed
906 887 1106 954 quacunque
1144 867 1188 934 de
1314 951 1316 960 Ι

96 992 201 1038 causa
233 969 291 1034 hio
309 959 501 1056 Ἀραχώτας
521 971 658 1050 maluit,
683 991 744 1034 cur
773 969 849 1036 ittio
877 973 1020 1037 alteram
1043 970 1189 1038 formam

93 1037 493 1164 'aetpoxrirorbdsciverit
515 1073 583 1140 iam
596 1074 841 1157 perspicimus:
865 1075 1189 1143 sorrnacertissims

98 1178 143 1244 de
164 1189 309 1242 accentu
330 1195 397 1240 unu
421 1175 538 1240 omnes
560 1175 649 1240 idem
673 1179 782 1242 secuti
805 1177 982 1242 videntur:
1004 1199 1037 1243 v.
1049 1175 1191 1242 Ellendt

97 1281 142 1348 ed
164 1281 242 1346 Arr.
266 1274 318 1354 V,
342 1283 400 1358 lt,
423 1281 455 1344 5.
477 1313 520 1328 -
541 1277 630 1342 ltem
653 1279 804 1362 ποιμνῶν
825 1280 952 1344 iniuria
975 1280 1188 1364 propositum

97 1379 222 1460 XLV,
257 1381 318 1448 109
350 1381 447 1462 loco,
480 1385 519 1444 ut
548 1379 634 1444 mibi
656 1380 812 1462 videtur,
833 1381 983 1464 integro.
1028 1381 1188 1468 Denique

39 1511 43 1525 ¹
97 1483 186 1551 haec
216 1483 328 1558 forma
355 1484 481 1567 legitur
513 1481 635 1566 XLV,
663 1485 706 1549 5⁰
733 1478 793 1550 καὶ
818 1483 983 1565 παλαμῶν
1005 1475 1190 1566 ώκόμιστον

100 1579 329 1679 ἇποῤῥίψασα
348 1587 471 1667 χιτῶνα
479 1609 492 1668 ,·
515 1585 574 1650 sed
596 1583 664 1650 huo
692 1605 827 1670 quoque
855 1586 1054 1650 coniectura
1075 1585 1192 1647 immi·

100 1691 228 1774 gravit.
293 1687 443 1754 Veteres
489 1686 658 1752 editiones
688 1683 866 1772 ¹praebent
902 1684 957 1754 καὶ
994 1679 1190 1769 πλοκάμων.

100 1793 197 1860 Vide
219 1811 262 1858 uu
283 1791 461 1874 legendum
484 1791 532 1854 sit
554 1784 731 1856 δαιδάλεον
752 1781 782 1856 δ’
807 1782 1004 1874 ἀκόμιστον,
1027 1797 1086 1853 aut
1107 1811 1192 1855 nov·

101 1887 243 1980 λώμιτον
276 1886 308 1960 δ’
329 1885 541 1976 ἀνόμοιον,
574 1899 613 1958 ut
645 1886 705 1958 κατ’
739 1889 895 1957 additum
934 1893 980 1957 sit
1011 1897 1191 1976 postquam

104 2017 240 2064 versum
279 2002 478 2082 corruptum
512 2013 586 2062 esse
619 1996 817 2080 spparebut.
863 1995 1047 2060 Caeterum
1080 1996 1192 2078 primo

103 2102 203 2188 loco,
228 2097 314 2166 unde
337 2099 466 2182 egressi
487 2119 618 2176 sumus,
641 2098 676 2176 in
698 2097 938 2163 Rhodomanui
960 2098 1194 2164 emendatione

104 2195 303 2288 ἐν’χλώσσων
324 2222 390 2266 non
413 2204 629 2285 agnoscimus
650 2221 782 2264 menum
805 2199 938 2283 Nonni3
966 2200 1027 2266 sed
1049 2202 1194 2284 scripsit

105 2306 168 2370 itte
193 2295 418 2388 ὁμογλώσσων
425 2347 435 2379 ,
463 2323 512 2368 v.⁴
530 2301 644 2382 XIX,
674 2305 748 2370 1⁰5.
775 2299 991 2386 XXXVII,
1013 2303 1091 2371 28⁷.
1111 2303 1195 2386 XL,

108 2409 186 2476 216.
218 2405 408 2488 XXXVI,
432 2406 516 2480 ‚472
547 2403 707 2486 valr,
734 2405 789 2472 24.
833 2404 983 2486 Detege
1005 2405 1081 2488 ipsu
1103 2406 1197 2472 nulla

105 2515 226 2602 potest
256 2513 330 2578 e'sse
358 2508 545 2573 dubitatio:
568 2513 622 2572 tot
644 2507 864 2572 confirmetur
885 2509 1066 2592 exemptis.
1109 2509 1197 2578 Sunt

109 2615 201 2682 euim
235 2611 272 2676 in
305 2611 404 2677 libris
435 2607 569 2676 XXIV
601 2610 775 2694 prioribus
801 2609 1093 2694 Dionysiaeorum
1120 2609 1197 2676 sere

110 2715 508 2802 quadragintaquinque
530 2712 615 2778 tutes
636 2712 794 2797 genitivi.
835 2711 1043 2790 Etaceedit,
1066 2721 1101 2778 ut
1113 2712 1203 2780 iterur

111 2817 286 2904 genitivus
308 2817 491 2901 singularis
522 2835 658 2898 semper
692 2819 791 2878 exest
822 2813 858 2880 iu
891 2835 935 2889 oo
966 2816 1139 2900 (exempla
1160 2815 1197 2882 in
1264 2881 1269 2889 ,

109 2921 215 2987 libris
252 2921 425 3006 prioribus
462 2917 595 2984 xxm
635 2929 713 2981 sunt
744 2916 819 2982 sero
851 2917 976 3001 viginti
1009 2916 1195 3002 quattuor).
1284 2941 1288 2954 ·

111 3021 341 3104 XXXVIII,
364 3023 427 3090 362
449 3017 645 3107 παραΐξασα
666 3012 807 3085 Βοώτου
834 3021 1024 3105 requiritur
1048 3013 1199 3110 Βοώτην.

110 3125 209 3208 XlI,
243 3129 307 3193 1³4
335 3116 561 3210 ἆκερσεκώμου
594 3117 723 3206 Φοίβου
751 3128 805 3189 est
834 3125 876 3187 ab
899 3115 1136 3212 ώνορσινόμος,
1161 3130 1199 3190 ut

112 3222 354 3316 ἆνερσικὸμοιο
390 3220 558 3292 Διονύσου
579 3225 672 3308 XV,
700 3226 753 3292 49.
799 3226 905 3292 immo
936 3227 1022 3312 quid
1054 3227 1200 3292 moverit
1238 3300 1242 3308 „

111 3329 274 3398 Nounum
303 3335 342 3396 ut
370 3331 509 3396 formas
525 3351 571 3396 ew
600 3335 634 3393 et
661 3351 724 3394 των
746 3329 944 3393 excluderet
965 3327 1199 3414 intelligimus.

114 3433 253 3500 Etenim
283 3433 313 3497 si
342 3457 406 3498 των
433 3435 579 3499 dixisset
603 3431 732 3496 duabus
756 3431 916 3515 syitabis,
941 3431 1157 3497 discessisset
1179 3452 1199 3496 a

115 3543 269 3602 veterum
294 3543 467 3630 poetarum
496 3557 556 3600 usu
579 3533 682 3619 (apud
707 3535 893 3600 Homerum
915 3512 1047 3600 πνλῖων
1068 3539 1199 3600 tantum

113 3643 150 3705 et
169 3616 303 3726 θορέών
324 3641 376 3703 sic
398 3640 639 3719 inveniuntur),
663 3637 716 3701 sio
738 3637 1202 3721 syninesinnutcontruotio.

115 3761 192 3808 nem
220 3743 429 3808 admississet
456 3745 538 3827 (qua
565 3739 734 3806 Homerus
762 3742 872 3806 utitur
893 3740 1120 3825 praecedento
1142 3763 1201 3809 ro·

117 3845 201 3925 cuti)
235 3865 313 3911 ase
335 3845 410 3928 ipso
432 3843 646 3911 descivisset.
690 3841 779 3910 Num
803 3851 839 3910 et
858 3843 1038 3930 syniuesin
1063 3851 1099 3911 et
1120 3865 1201 3911 con·

116 3950 319 4016 tractionem
341 3949 468 4017 vitavit
488 3947 532 4016 de
553 3947 735 4016 industria.
780 3948 823 4014 ln
850 3946 956 4012 tertia
977 3947 1203 4016 deotiuutions

933 4033 975 4118 ιι
