2748 4496
1104 271 1183 354 283

92 465 300 559 ἇιιαμίτσισι
330 470 411 560 περὶ
440 472 560 557 κληῗδα
593 462 775 565 φαλιίσσιον
806 463 952 560 φαιδρὸν
984 463 1182 558 ἆλιχλαίιιοι

93 571 309 667 περονήσατο
331 579 443 666 φᾶρος
464 570 631 660 ἀνάκτων,
652 580 683 644 si
705 576 842 661 quidem
864 575 948 654 hoo,
977 579 1069 662 quod
1090 601 1181 648 nuno

94 702 197 748 sensu
228 687 340 764 caret,
372 683 423 747 ita
451 681 632 747 emendare
657 681 810 756 volueris
838 686 877 746 ut
902 680 1038 767 legator
1058 680 1181 771 κληῖδι,

92 783 183 852 Iro
183 783 352 868 .fibuia,
383 791 421 850 ut
446 784 630 862 XXXII,
647 787 701 852 35.
722 781 933 862 XXXVII,
961 787 1042 853 6722
1064 807 1181 872 quarn-

94 909 196 984 qoam
229 910 276 955 ox
306 887 415 954 hoo
395 909 482 972 ipso
513 889 609 965 Ioco,
643 908 744 972 quom
778 893 967 956 extremum
995 891 1182 974 posuimus,

93 993 247 1077 suspicio
281 993 397 1056 oritur
425 993 590 1076 scriptum
618 992 694 1056 illio
720 1009 796 1058 osso
816 1010 838 1056 a
858 990 999 1056 Νοσιιοι
1021 983 1181 1074 ‹ipored'

93 1087 285 1178 ἀκαμάτοις
302 1091 426 1183 χρυσέῃ
449 1095 557 1182 κληῖδι
580 1089 823 1183 φοίιίσσων-
850 1115 891 1160 aa
916 1097 1181 1181 constructione,

95 1219 164 1282 qua
186 1197 276 1264 dixit
299 1219 331 1266 o.
354 1219 387 1285 g.
409 1221 492 1265 ποσι
483 1195 600 1285 δῆσα
623 1197 793 1278 XXXV,
817 1191 1184 1288 285,σφίγξατεστέρ-

94 1321 187 1366 νοισι
218 1301 255 1384 l,
287 1304 341 1369 36.
374 1337 417 1352 -
448 1295 607 1389 Κατάνην
633 1299 729 1388 παρὰ
759 1293 878 1388 λίμνην
906 1299 1015 1382 XIII,
1037 1301 1115 1370 312.
1139 1337 1180 1356 -

93 1403 198 1482 Quod
219 1423 309 1470 nuno
330 1405 459 1488 iegitur
479 1404 652 1486 XXVII,
674 1407 738 1472 306
760 1391 802 1470 οὗ
826 1401 912 1488 μέτα
933 1395 975 1490 δή
1007 1403 1100 1484 (cod.
1122 1425 1185 1472 ox·

92 1500 279 1594 hibeiod)
312 1509 473 1592 graviora
505 1508 582 1572 iabo¹
614 1509 775 1572 affectum
810 1511 878 1572 esi:
908 1527 972 1572 nec
994 1510 1185 1592 postposita

90 1610 301 1694 praepositio
331 1583 470 1678 defendi
499 1615 614 1696 potest
646 1631 715 1676 nso.
740 1610 825 1676 iilud
856 1611 1104 1676 incommodum
1128 1605 1204 1698 δῆτ’
1295 1570 1344 1694 [f

91 1711 242 1778 sortasse
275 1699 370 1801 ᾧπερ
402 1703 497 1802 ι’ίδιμ.
553 1713 662 1800 Quod
684 1712 828 1794 XLIII,
854 1715 917 1780 118
943 1715 1185 1796 scriptumest

91 1807 134 1881 οὐ
158 1807 285 1901 μούνης
309 1807 442 1906 Βορόης
469 1812 550 1904 πέρι
574 1811 763 1905 μάρναμαι,
793 1809 880 1882 ἀλλὰ
901 1813 957 1882 καί
975 1807 1082 1903 αὐτῆς
1102 1809 1186 1900 νίμ-
1239 1869 1242 1876 r

92 1937 161 2004 φης
181 1909 348 2008 ἡμετέρης
368 1915 448 2006 περί
468 1911 648 2008 πατρίδος,
671 1920 709 1984 in
736 1917 888 1986 editione
915 1921 1072 2004 principe
1099 1923 1185 1985 scri-

94 2021 242 2090 bebatur
268 2014 533 2110 περιμοίρναμαι.
583 2023 708 2111 Raetos
736 2027 775 2088 ut
796 2015 936 2099 xmv,
961 2023 1023 2090 185
1045 2015 1086 2089 οὔ
1106 2016 1184 2090 τότε

94 2117 126 2190 d'
161 2117 353 2192 αἰπολίοισι
385 2118 578 2213 παρήμενος
609 2117 632 2209 ἢ
663 2122 759 2212 παρὰ
791 2119 966 2212 μάνδραις.
1003 2124 1087 2206 XV,
1117 2129 1180 2192 106

91 2223 192 2314 iasio
224 2219 403 2314 ὀφρυόεντι
433 2225 547 2312 (loisis
574 2221 635 2295 ἔπι
659 2231 754 2314 χεῖρα
783 2219 930 2314 μετοίπιμ
961 2227 1182 2294 scribendum

94 2322 164 2398 ἐπί.
219 2329 395 2416 Nusquam
428 2332 528 2398 tmesi
560 2337 727 2398 ususost
758 2329 920 2406 Nomos,
954 2332 1022 2396 nisi
1056 2330 1182 2412 XXV,

94 2425 422 2519 3871νμὲνγαῖαν
443 2431 569 2514 ἔτεοξο,
592 2455 638 2500 ex
649 2433 800 2499 Homero
811 2434 854 2508 Σ,
877 2433 959 2514 483,
981 2431 1183 2516 XXXVII,

95 2537 140 2602 50
161 2531 197 2602 ἐν
219 2529 249 2601 d'
270 2530 377 2610 ἐτίθει
396 2521 531 2620 μέλιτος
551 2534 608 2603 καί
630 2529 813 2624 ἀλείφατος
823 2530 1047 2622 σἰμιριφορῆας
1058 2541 1092 2600 et
1102 2533 1182 2618 XL,

98 2641 162 2708 113
184 2630 282 2726 ἆνερ,
305 2632 367 2704 ἀπ’
390 2634 511 2718 σίῶισς
531 2637 606 2718 νέος
628 2630 730 2720 diso,
754 2635 819 2704 κὰδ
841 2635 881 2705 δέ
900 2661 943 2720 με
968 2629 1072 2724 χήρην
1101 2629 1184 2703 κοίλ-

98 2739 210 2823 λιπες,
234 2744 295 2828 qui
316 2747 460 2828 uterque
482 2763 601 2809 versus
624 2762 645 2807 a
666 2743 780 2826 eapite
801 2741 846 2805 ad
867 2741 996 2807 calcem
1022 2739 1185 2804 Homeri-

93 2864 155 2910 cus
178 2852 248 2928 osi,
274 2847 322 2928 Ψ,
346 2848 420 2914 170.
444 2846 494 2923 Ω,
515 2847 597 2914 7251
627 2845 688 2910 sed
699 2837 862 2920 καλλιπις
882 2844 1011 2908 adiecit
1031 2863 1094 2928 pro
1110 2842 1183 2907 Ho

94 2951 224 3016 morico
263 2944 404 3027 λείπεις,
446 2949 538 3035 quod
570 2948 685 3015 simiis
719 2951 772 3013 est
803 2937 932 3012 1111ἀι
964 2939 994 3014 d'
1025 2939 1183 3025 Ὀδυσεὺς

97 3045 326 3139 πολύμητις’
306 3046 476 3118 αιίστατο.

182 3147 238 3220 Ex
260 3155 463 3240 paraphrasi
484 3153 571 3221 haec
593 3154 697 3237 digna
718 3152 879 3219 videatur
900 3172 987 3238 quas
1008 3157 1185 3218 notenture

95 3247 258 3342 χειρὸς’
238 3249 297 3344 αφ’
331 3250 555 3346 ἡμετέρηςίί
559 3305 569 3339 ,
605 3259 678 3324 roi.
702 3257 793 3342 σῆμα
815 3247 895 3342 παρ’
920 3246 1117 3344 αὐτόρριζον
1142 3258 1183 3336 Τ,

94 3361 170 3426 221.
192 3357 303 3445 χερσίν
325 3357 378 3426 ἐπ’
402 3354 633 3449 ἀμφοτέρῃσιν
657 3361 703 3441 Φ,
727 3361 779 3427 18.
803 3351 884 3425 ὀΐων
894 3351 981 3444 ίίπερ
992 3359 1039 3434 Κ,
1061 3361 1115 3426 53.
1127 3360 1180 3425 00.

599 3567 627 3649 §-
650 3567 682 3632 s.

185 3753 364 3822 Vidimus
372 3755 471 3820 modo
493 3753 658 3838 exemplis
680 3750 880 3845 quibusdam
919 3749 1184 3818 notabilioribus

96 3875 200 3940 qaam
230 3856 305 3922 v'ol
300 3859 451 3944 regulas
473 3859 652 3942 graviores
674 3856 799 3939 migret
819 3851 879 3918 hio
900 3853 1081 3936 scriptor'
1072 3876 1107 3918 ιο
1130 3855 1184 3918 io·

98 3962 152 4026 ois
174 3961 216 4026 ab
239 3959 397 4028 Homero
414 3961 609 4046 assumptis.
654 3958 715 4026 Sio
734 3957 876 4028 admisit
904 3953 1086 4024 formulam
1114 3955 1183 4045 πρὸ
