2832 4494
213 209 288 298 len

211 408 342 481 Primis
361 406 467 496 igitur
487 393 641 473 versibus
662 401 735 470 vuit
744 400 918 482 Hesiodus
937 405 974 466 ut
995 421 1057 468 nee
1078 401 1191 488 plures
1211 403 1285 474 siut
1391 417 1392 450 i

211 513 276 578 filii
293 513 443 597 (quippe
468 510 588 594 quibus
615 507 742 572 victum
764 507 924 588 praebere
946 503 1104 585 difficile)
1126 524 1188 572 nec
1208 505 1284 574 nul-

210 613 279 690 ius=
308 615 368 678 sed
398 633 496 676 unum
518 629 592 676 esse
614 609 702 687 vuit,
731 607 788 691 qui
810 605 991 670 coniuncto
1013 605 1128 672 labore
1149 611 1282 690 patrem

208 714 348 782 adiuvet
369 716 404 776 in
425 711 577 796 augenda
603 730 641 774 re
662 708 835 774 familiari.
878 705 945 772 His
966 713 1077 773 autem
1099 707 1281 794 quomodo,

123 838 127 847 ¹
209 835 351 899 quaeso,
373 818 495 880 tertius
516 831 637 878 versus
658 807 858 893 respondet?
895 808 973 872 lilio
993 829 1095 873 unum
1115 807 1282 890 voluerat,

105 913 111 924 '
209 915 268 981 hio
290 915 385 982 duos.
429 915 491 995 At,
513 915 642 997 inquis,
665 913 758 975 illum
781 911 855 976 uult
874 910 1002 975 laboris
1022 912 1168 991 sosium,
1191 909 1283 976 huno
1393 979 1394 1006 3

96 1019 98 1025 ⁸
208 1010 384 1104 τηλύγετον
409 1017 506 1099 quasi
535 1015 621 1078 senii
648 1013 816 1078 solatium.
866 1011 937 1076 Cur
956 1013 1063 1096 igitur
1083 1031 1149 1077 non
1170 1012 1281 1080 dixit?
1393 1035 1394 1102 j

208 1119 290 1204 quid
314 1119 357 1184 de
378 1117 487 1200 patris
508 1121 616 1180 morte
638 1119 896 1190 commemorat,
919 1133 994 1178 oum
1017 1114 1153 1185 deberet
1175 1115 1217 1178 de
1227 1135 1283 1180 se-

207 1221 266 1284 nio
294 1219 464 1284 viventis?
493 1215 575 1302 quid
603 1216 645 1281 de
671 1215 745 1280 fiiio
767 1215 803 1278 in
826 1215 926 1282 domo
948 1215 1102 1280 ethonis
1124 1222 1280 1310 postua-

206 1323 271 1386 tris
303 1321 476 1384 decessum
510 1322 719 1396 remanente,
753 1335 828 1382 oum
857 1312 995 1380 deberet
1017 1316 1060 1382 de
1080 1317 1280 1384 sublevante

207 1424 335 1488 senium
356 1416 526 1486 viventis?
575 1419 670 1484 Haeo
692 1418 847 1502 prosectu
869 1438 935 1482 uon
956 1420 1176 1486 conveniunt:
1202 1441 1279 1484 nem

206 1523 266 1589 hio
286 1523 409 1588 tertius
434 1540 550 1586 versus
571 1521 671 1588 aliam
694 1524 730 1585 et
750 1539 872 1588 novam
894 1520 1095 1584 sententiam
1117 1522 1277 1602 continet,

102 1656 108 1666 ,
205 1633 242 1690 ut
263 1623 341 1710 quis
362 1643 465 1689 senex
487 1623 599 1688 sactus
620 1623 800 1703 moriatur,
823 1619 1053 1706 quandovero
1069 1622 1278 1688 moriendum
1395 1653 1396 1658 ι

197 1727 267 1808 sit,
290 1731 390 1791 utne
410 1727 482 1790 sine
503 1724 577 1789 filio
598 1723 741 1790 decedat
761 1721 896 1788 herede,
928 1721 1022 1790 Illud
1042 1717 1278 1810 &soorautem

202 1848 301 1894 nemo
322 1828 523 1911 explicabit:
544 1825 681 1892 scilicet
701 1825 769 1890 boo
790 1826 832 1888 ab
853 1823 955 1888 initio
976 1825 1014 1905 in
1035 1844 1077 1889 eo
1097 1845 1277 1892 versunon

205 1933 296 2004 eret,
329 1928 388 1993 sed
422 1927 516 1992 aliud
547 1926 646 2011 quid,
678 1923 834 2014 θαλερὸν
855 1926 1010 1992 fortasse¹
1028 1926 1082 1992 vei
1103 1921 1277 2014 μεγάροιςι
1396 1931 1397 1960 ³

169 2029 294 2116 ,quod
315 2032 352 2094 in
374 2025 486 2116 ἕτερον
506 2034 666 2094 mutatum
688 2031 731 2094 iit
757 2029 917 2112 imperite
942 2047 1074 2108 manus,
1102 2047 1190 2113 quae
1210 2027 1276 2093 boe

203 2131 336 2196 demum
365 2130 464 2195 modo
492 2131 705 2214 subsequenti
733 2129 849 2195 versui
874 2127 1212 2216 satisfieriputavit,
1240 2133 1275 2194 in

203 2252 270 2318 quo
302 2252 413 2298 sermo
440 2235 492 2298 est
518 2231 561 2296 de
589 2233 794 2324 pluribus.
838 2231 885 2296 At
906 2251 988 2295 vero
1009 2229 1069 2296 hio
1089 2229 1190 2297 bomo
1212 2234 1275 2296 im-

200 2334 464 2419 prudentissime
490 2336 568 2418 egit.
617 2333 753 2400 Etenim
781 2329 838 2398 suo
865 2333 908 2398 de
929 2333 1080 2416 pluribus
1112 2333 1197 2400 filiis
1218 2334 1274 2398 di-

201 2441 293 2500 otum
321 2434 428 2502 fuisse
461 2435 566 2522 (quod
588 2439 719 2518 tamen,
745 2442 782 2501 ut
802 2434 888 2502 satis
909 2434 1174 2509 demonstratum
1197 2439 1275 2520 opi-

200 2557 277 2615 nor,
315 2557 433 2603 versus
470 2537 536 2622 ipsi
574 2557 642 2602 non
681 2535 826 2615 serunt),
860 2542 1007 2604 attamen
1038 2538 1186 2624 ineptum
1219 2545 1273 2604 est

197 2621 417 2723 subiungeret
460 2641 599 2720 „Facile
629 2640 717 2706 enim
742 2639 904 2724 Juppiter
923 2640 1076 2726 pluribus
1096 2639 1277 2704 immensas

197 2760 278 2828 opes
299 2743 462 2826 praebere
484 2743 633 2826 potest;“
655 2740 797 2808 debebat
819 2744 907 2808 enim
929 2741 1015 2810 dici:
1037 2742 1270 2821 „victurums-

144 2875 148 2900 t
197 2843 401 2908 finientem.“
452 2845 692 2908 immensarum
724 2851 833 2909 antem
866 2864 966 2928 opum
993 2847 1269 2910 commemoratio

199 2944 291 3005 nullo
325 2944 424 3006 modo
457 2945 600 3008 tolerari
632 2951 781 3030 poterat,
809 2946 875 3010 uisi
902 2952 995 3012 certe
1020 2951 1100 3010 aute
1121 2927 1269 3012 donetur

170 3030 173 3039 s
195 3035 297 3125 ὄλβον
319 3045 484 3126 particula
505 3042 562 3110 καὶ
584 3047 788 3130 ponebaturr
802 3046 982 3132 „Juppiter
1003 3050 1091 3112 enirn
1113 3047 1267 3132 pluribus

194 3148 277 3218 (non
311 3146 419 3210 sotum
452 3148 564 3211 victus
594 3154 751 3228 quantum
782 3150 866 3212 satis
893 3152 960 3229 est,
982 3149 1056 3228 sed)
1080 3152 1181 3216 etiarn
1203 3151 1266 3214 im-

195 3266 326 3311 mensus
349 3267 431 3330 opes
452 3249 614 3331 praebere
638 3249 781 3330 potest.“
812 3249 968 3334 Denique
990 3251 1126 3314 ultimus
1148 3270 1267 3318 versus

273 3343 399 3414 πλείων
417 3346 479 3431 μὲν
498 3341 647 3414 πλεόνων
666 3345 804 3434 μελέτη,
832 3345 958 3416 πλείων
979 3344 1008 3416 d'
1031 3347 1179 3440 ἐπιθήκη

180 3445 222 3514 di.
247 3470 276 3516 e.
300 3470 393 3534 „quo
416 3451 528 3536 piures
549 3469 686 3534 operam
708 3456 851 3533 navant,
873 3471 913 3517 eo
926 3453 1002 3536 ptus
1012 3473 1113 3520 curae
1124 3459 1155 3534 *)
1166 3453 1265 3519 adhi-

188 3553 284 3615 betur
315 3551 458 3638 plusque
490 3549 653 3619 adiicitur
686 3552 826 3636 opibus“
859 3589 897 3606 -·
931 3551 990 3620 bic
1016 3557 1121 3640 igitur
1143 3576 1261 3624 versus

187 3737 413 3754 Ἥ

251 3874 275 3934 *i
293 3890 318 3929 v.
335 3873 433 3942 uelim
448 3876 509 3934 did·
526 3875 586 3932 469.
603 3877 834 3943 ueteranorum
850 3881 910 3936 ³18.
926 3880 986 3936 ddi.
