2676 4672
316 1630 1112 1788 Praefotnol·1

70 1947 224 2082 Hunc
249 2008 294 2078 ut
319 2001 464 2080 librum
490 2003 628 2100 talem,
654 2001 781 2104 qualis
806 1966 1016 2102 numen,
1042 2007 1155 2086 omit·

71 2147 194 2216 terem
229 2163 309 2216 non
345 2141 467 2216 otium
492 2141 588 2223 mihi
613 2141 655 2218 in
681 2165 794 2220 causa
819 2141 916 2238 fuit,
942 2145 1013 2223 sed
1037 2171 1158 2250 nego·
1240 2195 1243 2207 v

73 2259 176 2340 tium.
243 2261 392 2361 Iniquis
424 2263 528 2340 eninr
563 2262 765 2338 laboribus
790 2287 878 2338 cum
904 2266 1075 2364 opprimi
1101 2271 1160 2344 vi.

72 2378 201 2458 deror·
228 2363 361 2482 neque
400 2383 631 2482 emergendi
657 2391 830 2484 potestas
857 2383 1038 2480 daretur,
1071 2387 1159 2488 ipse

70 2501 166 2578 mihi
207 2527 441 2604 sucourrere
479 2503 684 2599 conotitui,
722 2504 953 2596 ὅμοιοπαθῶς
986 2505 1170 2616 laborem¹
1260 2499 1264 2520 ‘

71 2617 205 2698 labore
232 2646 492 2730 compensans
545 2624 664 2706 Quod
690 2648 738 2698 eo
752 2625 915 2702 consilio
928 2626 1160 2726 institutum,
1268 2617 1270 2622 ⁸

71 2751 112 2815 ut
157 2743 329 2820 animum
375 2743 576 2842 erigerem
618 2766 871 2844 quorumque
925 2745 1161 2844 perficiendi

71 2883 177 2959 spem
210 2873 369 2942 tenuem
400 2863 610 2957 haberem,
645 2887 692 2938 ea
717 2875 829 2940 certe
856 2865 953 2941 mihi
977 2867 1160 2948 inchoato
1234 2943 1241 2950 .

71 2983 259 3078 viderem,
285 2983 430 3068 factum
458 2991 518 3060 e'st
543 2983 676 3084 aliquo
701 2985 906 3081 commodo
923 3012 1037 3084 meo,
1062 2990 1159 3068 libri

71 3107 144 3179 mei
172 3104 429 3180 incommodo.
482 3103 596 3180 Haec
621 3128 736 3180 causa
762 3113 822 3182 est
848 3086 1069 3207 eademque
1094 3135 1170 3196 ex„

72 3225 216 3300 cusatio
255 3233 340 3300 esto
379 3229 431 3298 et'
460 3224 629 3324 partium
667 3225 910 3331 desertarum
939 3225 1161 3328 aliquoties,

74 3350 129 3436 et,
156 3343 263 3442 quod
288 3345 508 3443 aegerrime
533 3344 643 3458 fero,
670 3343 867 3422 'orationis
899 3369 978 3420 non
1010 3348 1160 3446 politae
1234 3331 1237 3340 ’

71 3465 138 3538 sed
164 3488 213 3538 ex
238 3471 417 3564 tempore
442 3464 571 3558 fusae,
603 3473 685 3540 tum
711 3464 744 3540 si
786 3465 883 3564 quid
922 3465 1187 3568 testimonio..¹

72 3603 163 3658 rum
178 3583 335 3661 latuisse
371 3585 611 3683 deprensum
649 3585 746 3678 erit,
785 3583 891 3683 quod
925 3584 958 3657 si
996 3583 1071 3660 iam
1102 3587 1165 3664 le·
1240 3619 1242 3628 ·

71 3702 197 3778 ctione
223 3714 412 3804 repetere
434 3703 611 3802 licuisset
636 3729 736 3804 quae
762 3701 887 3802 gestio
912 3699 1050 3802 utique
1070 3732 1151 3786 non
1220 3745 1223 3760 ¹

73 3817 254 3900 latuisset.
318 3821 502 3924 Denique
541 3833 630 3900 sunt
667 3847 768 3924 quoe
802 3845 907 3898 nunc
952 3845 1005 3900 ne
1043 3831 1161 3930 tetigi

75 3941 252 4039 quidem,
289 3945 480 4061 quaedem
518 3967 622 4045 quae
659 3941 850 4048 longioris
899 3941 1161 4026 meditationis
1263 3987 1267 4004 ·
