2832 4494
226 250 301 329 188
379 256 385 276 ⁸

228 471 302 519 sum
333 447 489 514 habeant.
543 449 599 515 Ne
630 446 695 515 hnc
727 449 883 535 quidem,
912 451 1047 540 siquis
1078 463 1230 542 quaeret,
1257 461 1307 524 ab

228 552 319 620 omni
352 557 447 636 parte
479 545 613 636 plaeere
644 551 773 618 dicam:
803 555 864 621 sed
893 555 979 630 ferri
1002 561 1114 646 poiest
1136 561 1303 643 quodam-

227 653 415 719 modot—
449 651 674 718 illudentem
699 673 778 718 num
798 655 974 722 ferendum
997 665 1063 741 est,
1092 663 1185 746 quod
1206 664 1301 729 idem

226 755 341 820 statim
363 754 484 818 iterum
505 746 700 836 dicitur,‘'
671 776 718 831 ως
737 776 791 821 τοι
812 751 984 828 inanest
956 784 1018 848 ωρι
1016 753 1212 849 dignanti
1238 767 1298 842 Ar,

116 899 119 911 .
226 858 358 941 inquis,
386 849 507 924 ἕκαστα
537 848 622 942 ὥρια
653 855 821 937 siguificat
841 879 957 926 omnes
979 865 1058 928 anni
1080 865 1213 936 fructus
1221 915 1232 948 ‚
1258 875 1301 932 ut

228 976 258 1025 e.
289 979 321 1042 g.
355 954 422 1020 od.
463 977 492 1033 ι,
524 959 587 1024 lar
619 951 718 1042 φέροι
753 955 989 1050 discernimur
1012 957 1133 1034 πάντα.
1178 971 1224 1040 At
1244 972 1300 1035 sic

231 1059 322 1145 quod
354 1058 476 1123 maium
507 1063 559 1122 est
592 1059 688 1142 peius
720 1058 769 1124 fit.
825 1062 916 1128 Nam
948 1069 1298 1159 praeterquamquod

150 1235 151 1242 ἵ
228 1159 356 1228 duobus
378 1159 654 1250 subsequentibus
675 1161 827 1228 versibus
848 1163 937 1230 idem
948 1169 1147 1236 vocabulum
1159 1173 1296 1238 diverso

228 1283 328 1329 sensu
348 1279 472 1344 ponere
493 1279 555 1322 nec
576 1260 710 1344 elegans
732 1283 806 1328 esse
827 1271 940 1348 potest
962 1270 1160 1357 plerumque
1182 1277 1297 1343 etnisi

228 1367 301 1430 iota
332 1361 498 1427 sententia
529 1361 637 1425 omnis
670 1363 800 1429 tollitur
837 1370 1038 1451 ambiguitas
1064 1378 1170 1467 magis
1197 1399 1298 1462 quam
1404 1385 1405 1390 ’

229 1469 325 1530 recte
347 1463 537 1546 loquentem
559 1463 656 1528 decet
676 1467 879 1550 ambiguum,
902 1466 981 1538 vide
1002 1475 1298 1562 <quamquamdif.
1366 1547 1372 1564 ,
1404 1521 1405 1526 1

162 1621 172 1637 ,
229 1565 323 1632 ficile
356 1567 424 1630 est
439 1563 572 1645 videre,
599 1585 675 1628 cum
703 1563 811 1650 caligo
838 1571 1033 1640 offundatur
1054 1577 1191 1660 legenti)
1213 1583 1298 1665 quid

229 1666 297 1732 lrnu
318 1665 380 1730 sii
403 1664 485 1733 Sere
505 1666 634 1746 nudus,
651 1666 682 1730 si
704 1672 816 1736 omnin
837 1693 940 1756 opera
962 1678 1089 1743 rustica
1111 1685 1185 1744 cuni
1209 1684 1297 1748 bono

228 1787 390 1835 successu
418 1769 630 1843 curareris,
660 1771 698 1832 ut
729 1790 842 1860 omnes
870 1778 935 1842 tibi
964 1781 1043 1842 enni
1065 1779 1195 1848 fructus
1219 1805 1298 1849 cre-

228 1874 335 1934 scant.
387 1868 452 1934 Est
482 1866 564 1932 boc:
598 1869 628 1932 si
660 1872 788 1938 omnia
804 1893 908 1958 opera
940 1883 1068 1946 rustica
1098 1879 1148 1948 iia
1176 1905 1317 1952 curare,

232 1971 306 2052 vis,
338 1972 375 2034 ut
406 1968 538 2034 fructus
570 1967 654 2034 bene
686 1976 901 2074 proveniant,
934 1985 971 2046 ut
997 2003 1112 2051 omnes
1131 1987 1194 2052 tibi
1215 1991 1297 2056 anni

229 2072 359 2136 fructus
381 2071 613 2136 crescant!-

315 2221 380 2288 His
411 2223 565 2288 omnibus
597 2226 770 2307 perpensis
798 2229 847 2296 iia
872 2231 986 2303 iudico
1009 2236 1095 2302 haee
1117 2239 1229 2306 omnia
1251 2245 1295 2309 ab
1404 2313 1405 2322 ,

230 2325 330 2388 initio
357 2310 434 2388 bum
462 2326 684 2409 subsequente
712 2333 858 2398 carmine
884 2355 952 2400 non
973 2341 1155 2407 coniuncta
1175 2345 1294 2424 inisse,

228 2427 290 2492 sed
322 2424 428 2490 fuisse
456 2423 522 2491 hoc
549 2428 624 2492 loeo
652 2432 811 2514 quasdam
833 2438 1055 2519 agricolarum
1075 2448 1296 2530 sententiolas

229 2528 324 2592 iuxta
350 2527 496 2610 positas,
525 2549 663 2613 querum
693 2540 846 2601 extrema
872 2557 893 2603 a
921 2559 1021 2608 versu
1041 2546 1105 2610 392
1126 2548 1200 2612 ab
1179 2568 1296 2666 'impe-

231 2629 301 2692 rita
318 2646 417 2692 manu
449 2633 574 2698 mutata
606 2636 700 2712 sunt,
727 2637 818 2721 quod
839 2642 983 2770 maxime
1003 2647 1158 2732 suspicor
1177 2649 1214 2716 in
1235 2652 1297 2718 iilo
1342 2633 1346 2638 ”
1404 2677 1405 2716 1

230 2725 392 2838 νᾳίουσιν.

679 2921 846 2940 Ἣ
952 2935 953 2942 r

737 3025 779 3094 Β.

312 3171 528 3253 interponam
560 3169 626 3238 hoc
646 3175 723 3242 loro
743 3180 908 3248 eiusmodi
929 3183 1164 3264 diasceuasuos
1184 3216 1296 3264 exem·

227 3274 336 3356 plum,
358 3292 423 3357 quo
444 3273 571 3338 nulium
591 3273 675 3340 mihi
694 3279 831 3346 uidetur
850 3283 934 3372 fingi
957 3287 1292 3373 possemanifesiius.

226 3373 294 3438 Ubi
313 3375 436 3439 aetatis
457 3375 604 3440 omnium
625 3383 902 3466 corruptissime
924 3387 1077 3461 homines
1098 3398 1295 3467 describun-

227 3473 404 3556 tur-,baec
425 3481 519 3558 sunt,
540 3498 574 3544 v.
597 3481 665 3548 192

398 3570 478 3646 οὐδὲ
497 3602 548 3658 τις
569 3574 709 3672 εὐόρκου
727 3579 823 3676 χάρις
844 3585 976 3660 ἔσσεται
996 3588 1076 3666 οὐδὲ
1095 3577 1240 3685 δικαίου,

395 3670 463 3746 οὔτ’
486 3671 635 3804 iuniori
651 3686 783 3769 μᾶλλον
805 3687 843 3759 δὲ
864 3717 971 3762 uanam
981 3697 1122 3788 ῥεκτηρα
1134 3725 1190 3770 και
1181 3700 1294 3795 υβριν

395 3774 497 3870 ἀνέρα
516 3780 703 3881 τιμὴᾳουσι,
724 3785 800 3879 δίκη
821 3787 891 3860 6²²
874 3821 909 3864 ev
928 3797 1020 3888 χερσὶ
1041 3801 1096 3872 καὶ
1116 3799 1221 3886 αἰδὼς

397 3876 457 3966 οὐκ
479 3880 587 3952 ἔσται.
