2832 4494
1132 301 1209 380 237

213 493 284 574 ἀλλ’
308 501 419 593 ἔμπης
438 501 496 582 καί
515 507 603 572 τοῖσι
623 499 798 590 μεμίξεται
818 500 926 576 ἐσθλὰ
951 510 1114 576 κακοῖσιν.
1191 574 1193 578 ,

214 605 301 686 Zeis
326 602 355 675 d'
382 601 495 676 ὀλέσει
516 605 573 676 καί
592 611 692 676 τοῦτο
714 607 808 695 γένος
827 603 986 697 μερόπων
1007 602 1209 700 ἀνθρώπων,

212 701 276 778 οὔτ’
300 703 341 776 dv
361 703 546 795 praestituerat
567 704 839 801 πολιοκρόταφοι
865 710 1058 800 τελέθωσιν.

213 807 293 880 οὐδὲ
314 809 425 900 πατὴρ
447 806 621 879 παίδεσσιν
642 806 794 898 όμοίϊοςι
814 809 895 882 οὐδέ
915 839 947 880 τι
969 816 1100 898 παῖδες,

216 909 296 982 οὐδὲ
318 912 423 1004 ξεῖνος
445 909 622 1002 ξεινοδόκῳ
644 913 701 980 καί
722 911 853 1003 ἑταῖρος
874 912 1009 1006 ἑταίρῳ,
1034 921 1118 994 185,
1190 975 1207 1002 .,

216 1011 296 1085 ouidi
317 1012 512 1104 uoolyupco‘g
532 1013 633 1105 φίλος
654 1015 806 1099 ἔσσεται,
829 1011 934 1096 rig-cd
958 1013 1068 1110 πόρος
1089 1045 1165 1111 περ.

213 1110 305 1212 αἶψα
327 1118 364 1190 dd
384 1113 609 1208 γηράσκοντας
631 1111 832 1208 ἀτιμήσουσι
856 1123 997 1207 τοκῆας·

123 1309 356 1329 Μ

127 1449 182 1504 His
209 1447 296 1504 tribus
323 1446 451 1522 versibus
479 1462 536 1502 non
558 1443 755 1515 improbabili,
774 1446 804 1503 ai
821 1445 1209 1518 tollimur‚'lnterpretatione

125 1550 239 1620 eiectis,
258 1565 371 1619 magnas
389 1548 569 1624 difficultates
586 1547 757 1612 sustulimus.
793 1547 852 1604 Sed
874 1557 978 1606 restant
993 1553 1111 1610 abunde.
1145 1553 1210 1608 Non

126 1654 268 1724 hospites,
289 1670 344 1708 non
362 1652 464 1708 iratres
481 1651 565 1706 fidem
582 1654 747 1718 servabunt,
765 1667 846 1707 senes
862 1661 992 1722 parentes
1009 1655 1210 1710 contumeliose

59 1809 63 1815 .
123 1758 281 1823 habebunt,
298 1754 352 1812 iiiii
370 1754 498 1826 patribus
516 1771 573 1812 uos
591 1753 699 1834 ciuiles
716 1761 809 1812 erunt.
842 1755 949 1810 Erunti
989 1755 1051 1810 Nou
1075 1754 1130 1812 iam
1148 1767 1211 1812 sunt

125 1862 213 1915 irasci
248 1861 293 1915 Eo
311 1865 388 1914 certe
406 1866 531 1929 tempore
537 1859 622 1925 ,'quo
641 1855 692 1910 ilie
709 1855 817 1912 Persen
835 1856 975 1930 increpuit
992 1866 1019 1912 et
1036 1873 1132 1928 reges,
1146 1860 1210 1938 xiarn

126 1961 224 2018 ossula
240 1963 311 2019 irasc
327 1968 415 2016 erant.
447 1957 542 2030 Ergo,
567 1955 676 2028 inquis,
696 1958 747 2015 ltic
764 1975 820 2014 non
838 1959 913 2015 idem
931 1959 1039 2028 estqui
1057 1959 1121 2030 ille:
1142 1962 1210 2030 quid

125 2064 290 2148 praetereat
324 2061 386 2158 uui,
397 2041 478 2138 huod„
485 2067 527 2118 tot
543 2061 616 2118 mala
634 2059 814 2130 vaticinatur,
838 2062 864 2118 is
881 2063 1010 2135 proiecto
1027 2079 1117 2132 aeque
1135 2077 1212 2120 certe

124 2181 244 2242 seuerus
269 2182 363 2222 rerurn
385 2165 564 2220 humanarum
586 2161 676 2220 iudex
693 2172 770 2232 erat,
795 2179 878 2232 quam
894 2163 946 2220 ilie
962 2163 1117 2224 Hesiodusr
1136 2167 1212 2236 quod
1319 2169 1320 2176 ’

125 2269 155 2326 si
181 2284 310 2334 severus,
336 2283 393 2326 nou
417 2267 490 2336 sugit
506 2281 569 2322 eom
586 2264 641 2348 iant
658 2265 778 2322 nuncio
795 2281 831 2320 ea
849 2275 949 2336 aetate,
978 2285 1059 2340 quarn
1077 2269 1140 2339 ipse
1158 2271 1212 2325 isrn

125 2388 200 2426 nunc
217 2371 334 2425 ferream
351 2368 434 2434 dicit,
457 2369 559 2424 iratres
582 2377 611 2423 et
631 2366 737 2423 amicos
753 2367 883 2423 infideles
900 2385 977 2438 esse,
996 2387 1065 2440 erge
1082 2387 1213 2440 parentes
1282 2381 1283 2389 ’

121 2473 260 2545 ‚pietatem
278 2471 410 2540 laedi,'„tet
427 2481 528 2546 cetera.
564 2469 634 2532 Quis
650 2473 707 2526 hoo
729 2485 785 2526 non
808 2470 882 2526 dixit
899 2471 935 2526 de
952 2485 1003 2526 sua
1018 2482 1107 2531 aetate
1124 2477 1212 2546 paulo

125 2574 270 2632 severiori
291 2571 408 2650 μορφὴν
430 2572 455 2628 d‘
474 2569 630 2636 ἀλλάξαντα
646 2569 735 2647 πατὴρ
754 2573 839 2644 φίλον
855 2569 918 2628 υἱόν
934 2570 1029 2646 ἀείρας
1045 2570 1144 2646 οφοίζει
1160 2577 1213 2632 in.

126 2673 276 2750 ευχόμενος
291 2680 367 2750 μέγα
382 2671 480 2744 νήπιος
495 2675 663 2744 Empedoct.
679 2677 741 2734 ³85.
759 2675 786 2729 ol
802 2671 827 2728 δ’
847 2670 1094 2761 όπογηρολσκοννας
1111 2676 1212 2750 ἄτιμό-

128 2783 205 2844 ζοασι
230 2781 343 2848 τοκῆας,
359 2773 473 2841 Ιτοότονν
495 2797 537 2834 τοι
555 2775 647 2853 χαίρῃ,
670 2773 769 2853 tripu,
787 2773 866 2848 ὀλίγη
883 2778 988 2833 τελέθει
1004 2775 1132 2849 Theogn.
1150 2786 1212 2842 821.

129 2883 176 2938 De
193 2881 255 2938 istis
272 2880 371 2938 tuturis
388 2881 484 2936 dicere
501 2897 629 2955 possum,
646 2878 765 2954 proprie
782 2878 952 2951 pertinuisse
968 2881 1005 2936 ad
1021 2880 1109 2942 illud:
1129 2881 1162 2938 τὰ
1179 2883 1212 2942 δὲ

127 2989 257 3055 λείψεται
282 2979 370 3056 ἄλγεα
395 2981 484 3058 λυγρὰ
510 2989 621 3054 θνητοῖς
646 2977 836 3058 ἀνθρώποισι·
862 2984 950 3039 κακοῦ
974 2981 1081 3050 τίςσίκ
1103 2988 1213 3044 ἔσσεται

128 3083 211 3144 disci:
234 3103 347 3157 possum
372 3087 481 3156 dicere,
508 3104 570 3144 cum
592 3085 654 3155 quis
678 3085 730 3143 ilia
750 3084 845 3170 lutura
862 3088 915 3142 νῦν
931 3083 987 3162 γὰρ
1005 3085 1041 3157 δὴ
1056 3093 1138 3162 γένος
1153 3090 1213 3148 lori

128 3187 272 3266 σιδήρεον·
298 3187 365 3246 aaut
389 3188 448 3246 ποτ’
475 3179 551 3263 ἦμαρ
577 3184 746 3245 παύσονταί·
757 3185 882 3260 καμίνου
905 3222 936 3237 -
957 3188 1085 3261 χαλεπός
1100 3191 1133 3248 dl
1148 3163 1239 3248 Mt

128 3291 252 3350 δώσουσι
258 3310 395 3368 μεριμνας
411 3292 524 3362 (quibus
541 3293 711 3348 continetur:
730 3307 803 3347 nunc
819 3293 911 3348 ierrea
927 3304 1004 3350 aetas
1021 3303 1064 3350 est
1080 3303 1108 3350 et
1116 3313 1211 3353 mane.

129 3398 172 3454 bit
196 3398 299 3460 terrea)
324 3396 396 3451 rnale
418 3394 605 3451 intellexisset
621 3395 730 3452 insulse
747 3393 847 3449 aetatis
864 3394 973 3450 ierreaa
990 3395 1210 3482 descriptionem

127 3517 182 3574 per
204 3498 299 3554 iuturs
323 3499 513 3554 continuasse:
541 3499 631 3554 dicam
654 3498 748 3568 potius
766 3497 835 3552 haee
854 3497 937 3568 plane
954 3497 1060 3554 incerta
1076 3467 1141 3557 essi
1156 3520 1210 3560 nec

127 3603 166 3659 ab
193 3601 269 3656 omni
295 3609 376 3674 parte
401 3599 563 3668 probabilia
592 3615 644 3654 nec
667 3600 781 3654 multurn
803 3597 899 3654 solatii
917 3598 1031 3653 afferre.
1048 3633 1080 3648 -
1098 3603 1210 3662 Deinde
1310 3632 1313 3640 ‚

129 3723 156 3764 r.
175 3705 313 3763 tat-189
329 3702 458 3760 videntur
477 3721 516 3760 ex
532 3701 639 3774 duplici
657 3699 807 3756 eorundem
826 3681 956 3756 νοσεουσί
969 3704 1210 3766 recensionecon-

127 3805 266 3876 glutinata
291 3821 370 3876 esse,
395 3806 462 3862 itera
484 3824 511 3864 v.
537 3805 679 3864 tut-195.
719 3801 849 3872 Denique
867 3801 914 3858 hio
931 3802 1049 3862 incurrit
1066 3807 1116 3862 iile
1134 3806 1211 3888 ίμρις

127 3905 215 3984 ἀνήρ,
231 3917 269 3965 τοι
285 3909 356 3980 ’δίκη
373 3907 406 3980 ⁴d'
433 3908 466 3968 ίν
486 3909 568 3984 χερσί
589 3909 637 3966 καί
654 3901 739 3970 aldais
756 3903 814 3964 οὐκ
833 3903 941 3976 ἔσται,
959 3907 995 3964 de
1012 3909 1115 3978 quibus
1132 3915 1212 3974 dixi-¹

126 4029 189 4069 rous
206 4015 229 4081 i·
247 4017 272 4072 l·
290 4011 325 4069 Β.
539 4012 541 4020 ’
