2688 4520
223 261 275 340 48
378 347 388 370 ν

224 463 328 546 ξω).
383 451 498 537 Οίτως
526 455 583 526 καί
611 451 633 524 δ
661 451 909 546 Ἀσκαλωνίτης·
940 453 1004 528 eioi
1027 459 1070 530 di
1099 462 1135 530 oi
1164 461 1282 531 διιῖλον

227 563 266 634 ἐῢ
287 556 388 652 κληῒδ
416 555 569 649 υἰραρυῖσ,
590 549 936 646 cicomariam
954 559 1012 630 καί
1034 557 1193 652 Τρύφων,
1227 557 1283 630 οὐκ

224 660 280 738 ed·
303 659 437 750 ἄμεινον
456 661 525 752 χιίρ
544 655 971 740 ίιιιθιτικῶσᾶκοίιινκαὶ
989 662 1037 752 μὴ
1059 660 1176 744 πίθος
1196 663 1281 732 ἐκδί-

223 771 346 854 χιοθαι
376 765 600 853 uramara
630 765 772 847 δοτικῆς,
805 761 889 852 thu
919 764 957 834 δι’
981 763 1026 834 τὸ
1048 769 1118 850 τῆς
1138 763 1284 834 ἐκθλί-

223 885 351 960 ψιιος·
379 859 399 934 ὃ
428 864 578 954 ‹tt-pum
598 859 748 932 τοιοῦτόν
768 861 873 944 ἔστιν,
901 860 948 945 ὥς
967 863 1020 936 ὅτι
1040 865 1284 953 ἐκθλίβεται

225 972 299 1058 pir
337 969 418 1038 τὸι
458 969 527 1054 τῆς
562 967 733 1052 δοτικῆς
771 965 882 1053 παρὰ
920 971 974 1058 τῷ
1009 973 1180 1060 ποιητῇ,
1219 967 1285 1036 καὶ

227 1071 369 1162 ἑνικῆς
400 1064 661 1156 ὑπαρχούσης
695 1065 764 1136 καί
801 1070 1103 1158 πληθυντικῆς,
1142 1065 1283 1162 κερκίδ’

225 1173 394 1266 ὕφαινε,
415 1165 500 1260 χέρσ’
525 1168 645 1260 ἐρέται,
667 1168 724 1236 καί
742 1165 849 1258 uq‘eoo'
871 1165 1001 1258 ἡγήσατ’
1019 1167 1171 1256 Ἀχαιῶν,
1193 1166 1234 1240 οῗί
1253 1197 1284 1259 γε

224 1281 290 1368 μὴν
315 1275 353 1345 τὸ
383 1271 452 1342 ἀπὸ
481 1275 546 1340 τῶν
571 1267 620 1350 είς
650 1294 682 1349 ις
700 1269 914 1357 ἐκτεταμένον
932 1273 1098 1364 θηλυκῶν.
1140 1279 1233 1362 Ergo
1253 1282 1286 1340 et

224 1386 300 1467 ipse
316 1371 356 1446 ‘iri
378 1379 433 1444 his
453 1397 518 1441 non
541 1376 635 1440 novit
655 1377 722 1438 nisi
745 1375 944 1461 ecthlipsiu,
967 1383 1098 1443 etcum
1119 1379 1284 1464 antiquio·

226 1485 336 1562 ribus,
365 1499 451 1564 quos
478 1477 534 1544 vei
557 1478 675 1562 probat
694 1478 750 1542 vel
774 1481 951 1562 reprobat,
979 1499 1045 1544 aon
1066 1481 1139 1564 agit
1158 1482 1226 1545 nisi
1246 1479 1285 1543 de

228 1583 398 1668 ecthlipsi.
429 1581 526 1646 Haeo
547 1581 657 1644 omnia
679 1580 729 1644 ita
749 1579 833 1644 mihi
853 1581 1011 1646 videatur
1030 1589 1126 1646 certa
1147 1603 1231 1662 esse,
1251 1585 1286 1645 ut

229 1689 258 1751 si
281 1685 361 1772 quid
384 1682 473 1748 forte
495 1683 619 1746 alicubi
641 1681 739 1765 dubii¹
754 1682 936 1766 ingeratur,
957 1681 1023 1747 hoc
1045 1704 1090 1748 ox
1110 1685 1181 1748 illis
1202 1685 1287 1748 diiu-

229 1787 409 1854 dicandum
439 1786 485 1850 sit
514 1803 580 1848 uon
613 1789 739 1848 contra.
792 1783 845 1847 Ad
878 1785 928 1860 Π,
957 1786 1020 1851 sat
1041 1777 1126 1856 ἀλλά
1154 1807 1210 1850 τοι
1229 1777 1286 1871 ἤδη

230 1882 305 1974 ἷίχχι
333 1885 536 1973 παρέστηκεν
561 1879 709 1961 θάνατος
735 1881 792 1950 καὶ
817 1887 918 1973 μοῖρα
939 1878 1093 1970 κραταιή,
1121 1883 1212 1976 χερσί
1233 1888 1288 1952 δα-

229 1983 315 2076 μέντ’
342 1983 493 2070 Ἀχιλῆος
519 1980 687 2070 ἆμύμονος
712 1981 883 2052 Αἰακίδαο
913 1987 1079 2072 Didymus
1100 1987 1168 2053 hoc
1187 1989 1289 2054 tradi-

230 2093 299 2156 dit:
321 2085 357 2157 ἓν
378 2084 523 2178 πλήρους
541 2085 580 2154 τὸ
603 2086 747 2169 δαμέντα
764 2081 983 2175 Ἀρίσταρχος.
1027 2090 1105 2154 Jam
1126 2093 1220 2155 nulla
1240 2110 1289 2152 ra-

230 2198 324 2260 tione
350 2195 431 2257 licet
463 2193 551 2278 quod
577 2193 612 2256 in
634 2191 677 2256 V.
707 2191 781 2254 cod.
803 2192 926 2273 legitur
946 2188 1003 2268 „ix
1024 2185 1170 2278 πλήρους
1191 2214 1290 2280 γραπ-

231 2294 307 2364 τέον
337 2292 375 2360 τὸ
408 2294 561 2376 δαμέντι“
592 2293 673 2358 Ιιοα
690 2294 870 2357 restituere
897 2293 985 2358 vello
1012 2293 1175 2378 Didymo.
1220 2295 1287 2358 Imo

232 2404 350 2462 auctor
370 2399 543 2482 pessimus,
566 2417 663 2482 quem
685 2397 808 2458 scimus
831 2415 928 2479 quam
949 2415 1051 2479 saepe
1071 2398 1290 2460 vetustiorum

135 2572 139 2583 l
231 2499 427 2566 testimonia
451 2519 518 2564 noa
545 2497 718 2564 intellecta
740 2499 943 2580 corruperit,
971 2497 1062 2560 idem
1089 2496 1215 2564 fecisse
1235 2518 1291 2582 pu·

231 2604 353 2669 tandus
382 2609 435 2668 est
461 2603 527 2668 hoo
553 2601 640 2664 loco.
704 2598 923 2662 Aristarchus
944 2605 1071 2679 autem,
1100 2619 1291 2684 quacunque
1330 2593 1331 2602 ’

233 2711 417 2770 commotus
439 2725 540 2770 causa
559 2701 626 2767 hoc
645 2703 822 2773 statuebat,
844 2701 911 2763 isto
932 2700 1007 2764 loco
1030 2701 1213 2767 Homerico
1236 2719 1292 2783 por

217 2805 457 2870 ‘anacoluthon
484 2805 595 2889 (quasi
618 2804 840 2891 praecesserit
861 2793 924 2886 ἤδη
952 2823 1007 2867 σοι
1046 2794 1190 2890 πάρεστι
1215 2797 1291 2884 θνή-

146 2901 152 2912 ’
235 2909 337 2982 onero)
360 2906 664 2990 δαμέντοίαλιΙΙίςί
685 2905 893 2982 volebat**),
916 2904 1006 2990 quod
1027 2911 1064 2969 ut
1085 2907 1291 2987 significaret
1330 2927 1331 2942 ³

235 3011 368 3092 pienum
401 3009 598 3074 vocabulum
631 3011 665 3070 in
696 3006 941 3090 exemplaribus
972 3007 1043 3071 suis
1069 3009 1212 3090 scripsit
1232 3027 1291 3071 neo
1330 3015 1331 3098 ᾗ

235 3112 385 3176 detraxit
404 3110 551 3174 litteram
574 3111 733 3173 ultimam.
777 3107 877 3171 Hunc
897 3108 970 3172 eius
991 3115 1027 3172 et
1046 3107 1192 3174 tortasse
1213 3109 1292 3173 alio·
1330 3137 1331 3188 1

234 3233 307 3277 rum
331 3214 431 3278 etiam
453 3231 577 3276 morem
601 3211 669 3274 alia
690 3209 791 3273 otiam
812 3209 1292 3276 testimouiademoustrabuut,
1330 3215 1331 3238 ¹

237 3359 460 3386 w

226 3430 238 3488 ’ί
304 3470 329 3529 *t
343 3455 521 3522 'Aristonicus
543 3465 625 3530 dicit,
647 3473 791 3533 utrumque
812 3462 960 3520 secuudum
981 3463 1172 3520 Aristarchum
1193 3461 1293 3520 admitti

225 3571 337 3622 posse,
361 3531 535 3608 Herodia'nus
557 3553 611 3606 hoo
632 3563 722 3604 unum.
763 3549 839 3604 Haec
861 3547 997 3604 dissensio
1022 3550 1101 3612 (talia
1119 3559 1208 3604 autem
1226 3548 1294 3601 uude
1317 3525 1320 3549 ⁴

240 3638 373 3694 fluxerint
391 3639 418 3692 in
434 3637 598 3696 Aristarcho
616 3645 710 3691 nostro
724 3633 913 3696 indicavimus)
923 3652 976 3688 nou
987 3635 1052 3689 iacit
1061 3635 1096 3690 ad
1106 3651 1162 3688 rem
1171 3645 1293 3688 nostram.

309 3745 344 3802 ”i
363 3742 399 3795 ci.
417 3757 442 3806 κ,
459 3743 518 3798 565.
536 3743 559 3805 Ι,
576 3743 678 3798 3⁶22-
695 3739 707 3792 i
724 3756 755 3801 π,
772 3730 960 3794 ttss.-’liro’
975 3741 1011 3804 A,
1027 3742 1076 3795 567
1095 3737 1121 3792 ei
1140 3733 1215 3794 ἰόντα
1232 3741 1295 3798 erat,

242 3820 378 3880 ιἰνιλσαονι
406 3843 433 3895 o,
455 3829 506 3884 sto
528 3826 669 3880 commoda
685 3823 856 3878 accusativus
874 3831 965 3890 potest
981 3837 1052 3878 esse.
1085 3821 1184 3880 Restat
1200 3815 1295 3877 ἐλθόντ’

213 3921 216 3927 ’
240 3918 268 3980 δν
286 3915 344 3968 ²50·
