2748 4496
1134 135 1212 257 'sor

349 287 358 330 r
704 319 712 330 .

130 379 166 457 l,
199 378 260 457 sd,
292 359 443 463 9³nnpd
475 371 514 444 τὸ
547 370 631 466 ἀρὰν
657 374 716 466 τὴν
743 372 886 483 flddplpu:
911 381 1024 460 infit.
1046 381 1094 448 Μ;
1118 380 1214 470 rrupd
1335 465 1339 472 Ι

129 478 188 565 ’τὴν
222 474 306 565 ἀρὰν
332 476 392 563 τὴν
417 473 555 566 βλάβην.
586 515 624 530 ·-
650 481 830 546 Caeterum
852 481 963 566 ipsum
984 480 1213 554 Ritsuhelium

127 583 214 648 milri
235 583 410 648 advocabo
433 581 541 664 praes.
564 583 687 649 Thorn.
712 607 743 666 p.
770 583 870 650 xcl.
891 631 906 656 .,
959 629 984 644 ..
1054 633 1058 642 .
1112 568 1118 650 ’.

60 691 62 695 ’
217 702 257 766 Si
280 709 502 785 expurgatum
524 704 721 768 habebimus
743 697 959 786 Apollonium
984 711 1017 768 et
1030 707 1130 786 paulo
1139 719 1213 770 rtru-

133 805 187 889 gis
208 825 309 889 quarn
332 803 445 868 adhuc
476 803 605 870 sectum
632 812 703 870 tota
734 814 884 870 veterum
919 811 1213 892 grammaticorum
1249 809 1272 834 '¹

130 911 290 972 doctrina
310 913 357 982 et¹
376 903 548 990 oratiorle',
576 910 701 990 partim
730 913 846 998 ignota
873 911 972 972 nobis
995 909 1116 983 adnue
1139 913 1212 978 illis

129 1011 272 1074 tritaet
304 1015 371 1093 per*
398 1031 516 1074 manus
548 1011 688 1092 traditu,
713 1013 835 1095 partim
859 1013 983 1091 abiis,
1007 1014 1128 1096 quibus
1152 1034 1218 1087 nos

131 1113 289 1175 innutriti
311 1131 442 1196 sumus,
465 1119 540 1176 toto
562 1114 661 1177 coelo
684 1113 829 1178 distante
851 1115 979 1180 assueti
993 1117 1130 1194 erimus
1153 1136 1216 1198 ep·-

130 1215 266 1299 parebit
300 1215 514 1296 Apollonium
549 1217 659 1298 ipsum
697 1219 759 1281 vix
797 1218 997 1301 impeditius
1036 1219 1216 1300 scripsisse

132 1337 233 1400 quarn
266 1317 415 1400 reliquos
447 1321 685 1400 grammaticos
718 1323 881 1402 potiores.
934 1321 1043 1384 Nobis
1066 1321 1213 1404 Tryplro

131 1440 198 1483 non
220 1401 371 1482 'facilior
404 1427 509 1501 esset,
543 1441 606 1484 neo
641 1443 730 1485 nunc
762 1425 792 1487 si
815 1425 897 1507 quid
920 1424 1074 1505 longiore
1096 1429 1215 1486 tenore

132 1521 307 1605 explicant
328 1520 502 1586 faciliores
524 1514 602 1585 su'nt
616 1515 795 1608 Didymus
818 1547 848 1588 e.
871 1547 902 1606 g.
927 1533 962 1588 et
986 1525 1213 1602 Herodianus
1233 1581 1247 1604 ,

133 1625 236 1687 Unde
259 1625 398 1686 minime
419 1623 550 1689 abludit
571 1625 662 1708 quod
684 1629 757 1709 ipse
780 1625 824 1690 de
846 1629 1015 1690 brevitate
1037 1647 1098 1690 suo
1126 1627 1215 1690 dicit
1240 1673 1245 1686 ,

132 1727 175 1790 de
198 1747 295 1810 pron.
312 1729 364 1790 in.
387 1761 429 1774 -
453 1725 552 1810 Synt.
575 1749 607 1810 p.
632 1727 987 1812 238nuncirnpedite:
1010 1728 1069 1792 sed
1082 1729 1219 1795 etiarnsi

129 1830 279 1893 leviores
321 1828 483 1911 quasdam
530 1831 679 1894 maculas
721 1851 763 1895 ne
804 1832 930 1896 elucris
962 1834 1117 1914 quidem,
1145 1833 1218 1896 solu

132 1933 408 2016 interpunctione
441 1932 570 1996 rectius
602 1935 789 1998 constituta
823 1935 936 1997 omnia
964 1936 1214 2018 intelliguntur.

133 2033 180 2100 V.
211 2039 250 2100 ll
284 2034 360 2098 dele
392 2055 523 2099 comme
555 2040 633 2119 post
661 2027 778 2100 αι’ποῑ.
802 2057 835 2101 v.
859 2041 898 2100 ll
921 2033 960 2100 τὸ
981 2035 1061 2109 (hoc
1083 2039 1220 2121 quidem

130 2139 327 2202 necessario
349 2149 413 2220 pro
434 2137 482 2224 lq}
505 2139 609 2201 scrib.
634 2158 708 2200 curn
733 2137 776 2214 C)
800 2140 876 2217 πεῖ,
899 2137 937 2202 τὸ
961 2131 1008 2218 εἷ,
1032 2173 1073 2188 -·
1102 2159 1134 2203 v.
1177 2141 1216 2204 rs

131 2245 291 2324 punctum
324 2243 402 2322 post
434 2236 535 2306 πνέω.
569 2261 600 2305 v.
637 2243 678 2304 17
707 2259 838 2303 comme
872 2246 949 2321 post
970 2235 1215 2325 παρεπόμενον.
1276 2323 1277 2328 ¹

129 2341 324 2415 (Articulus
343 2338 382 2406 τὸ
403 2362 436 2408 v.
462 2345 503 2408 16
525 2361 723 2426 quemqnam
746 2342 809 2422 vix
830 2347 925 2405 rccte
946 2339 1064 2416 habet,
1088 2343 1221 2406 sedaut
1280 2344 1282 2352 ’

130 2445 170 2507 in
194 2460 225 2508 π
247 2445 427 2508 mutandus
449 2445 587 2510 ridetur
614 2450 673 2508 sut
701 2443 908 2518 eiiciendus,
930 2450 1043 2505 tamen
1065 2441 1133 2506 hoc
1153 2444 1217 2509 mi-

134 2567 200 2610 nus
228 2547 373 2630 impedit
403 2547 641 2622 intellectum).
691 2546 738 2611 V.
762 2546 804 2611 18
826 2551 984 2630 puuctum
1007 2549 1086 2628 post
1108 2537 1218 2632 ῥήμα-

135 2671 204 2726 τος.
227 2679 231 2712 ι
261 2649 399 2713 Deinde
431 2669 564 2714 cornmn
591 2647 772 2712 delendum
807 2654 884 2732 post
906 2644 988 2727 δέω,
1012 2668 1074 2730 pru
1095 2651 1219 2726 puncto

135 2757 215 2834 post
247 2747 404 2833 ἐνδέομαι
435 2771 567 2817 commu
599 2751 800 2836 ponendum.
856 2751 944 2814 Tam
973 2750 1078 2812 multe
1100 2750 1219 2832 paucis

135 2853 293 2918 versibus
314 2855 351 2918 in
373 2871 440 2918 una
460 2854 733 2934 interpunctione
754 2851 952 2936 impediunt.
976 2887 1014 2901 -
1029 2851 1220 2934 ·lntelligat

137 2955 264 3040 ¹aliquis
287 2977 309 3039 p
331 2957 412 3037 251,
433 2959 456 3022 5
477 2951 568 3020 καθὸ
591 2953 645 3020 καὶ
666 2947 722 3020 ἐπ’
765 2945 873 3018 ἄλλων
894 2955 1001 3042 μερῶν
1031 2948 1133 3039 λόγου
1160 2955 1221 3036 du-

136 3053 301 3139 λουμένου
339 3055 584 3145 παρέμπτωσις
621 3051 712 3124 αἰτία
750 3051 1019 3141 γίνεται“τοῦ’*)
1058 3089 1116 3136 -,
1163 3055 1221 3120 vel

137 3239 368 3256 m

202 3362 232 3424 '*)
251 3363 283 3417 ln
307 3362 539 3431 subsequentibus
566 3363 719 3431 exscripsit
740 3361 922 3432 Apollonium
947 3359 1074 3416 Macrob.
1092 3359 1129 3412 de
1146 3361 1222 3414 vorb.

138 3447 191 3504 Gr.
210 3465 239 3514 p.
258 3451 318 3506 738.
349 3449 408 3502 ¹llic
426 3465 497 3502 unus
515 3466 553 3504 ex
571 3450 698 3520 plurimis
717 3449 788 3502 locis
810 3457 864 3512 est,
884 3447 932 3500 ubl
955 3447 1028 3515 opud
1053 3444 1225 3510 posteriores

143 3528 327 3602 Apollonium
352 3535 484 3590 habemus
508 3549 671 3602 quamquam
696 3549 751 3586 nou
777 3533 954 3586 nominatum.
998 3530 1098 3586 Oualla
1115 3531 1223 3583 etiarnsi

137 3621 229 3674 minus
246 3618 375 3684 attendit,
394 3630 484 3674 tannen
502 3619 530 3672 iu
551 3617 614 3674 lrlst.
640 3618 692 3672 liu.
724 3618 774 3670 Gr.
801 3636 829 3688 p.
847 3620 898 3672 419
916 3615 1071 3680 Apollonio
1089 3623 1116 3668 et
1134 3615 1225 3668 liero-

139 3706 225 3758 dieno
257 3705 478 3758 commemoraris
509 3719 564 3756 non
594 3703 721 3756 adiicere
747 3703 867 3756 debebat
893 3699 1098 3755 Bernlrnrdius:
1129 3717 1224 3754 rwenn
1297 3691 1302 3701 ⁶

134 3791 230 3858 gleich
262 3807 317 3847 nur
344 3789 488 3844 Herodian
516 3787 597 3842 einen
622 3787 803 3842 dnuerhesren
823 3786 947 3843 Eiulluss
964 3799 1106 3853 gevreun.¹
1144 3786 1227 3842 Quod

133 3875 298 3945 longissime
318 3891 335 3930 s
352 3891 419 3932 vero
431 3877 516 3930 ⁴abest

940 4037 946 4074 t
