2748 4496
187 275 268 356 nti-t

273 485 316 568 β)
336 481 379 549 ln
400 477 477 566 ipso
498 476 683 547 rombulor
712 467 1008 566 ἂλλοπρόςολλος,
1037 471 1219 569 όλλότρτος
1239 482 1280 549 lo

188 585 235 651 iis
278 587 431 667 casibus,
476 604 565 672 qaas
604 583 643 652 ln
685 581 821 668 longam
863 591 1005 660 cxcunt,
1050 576 1277 673 Ἀμφιτρύων,

185 681 428 778 Ἆφροόότηῡ.

274 791 373 871 Quas
412 792 476 858 sub
512 811 536 858 o
572 788 803 872 congessimus
841 789 1035 856 accuratius
1077 789 1279 874 inspicienti

187 897 344 982 quaestio
377 887 512 964 orietur
542 891 592 972 (v.
623 891 746 959 Wern.
781 891 918 976 Tryph.
949 913 982 974 p.
1017 897 1115 974 115),
1144 914 1207 957 cur
1240 893 1277 958 in

186 993 335 1087 Κρόνος,
367 991 502 1088 χρόνος,
536 987 675 1081 δρόμος,
712 987 849 1080 βροτός,
879 987 1000 1082 κρόκος
1024 997 1277 1081 correptionum

90 1155 98 1164 .
186 1101 379 1167 admiserit.
429 1099 498 1166 Sed
526 1093 789 1183 patct'pr·imuuur
814 1097 947 1184 aliquas
970 1099 1098 1163 fortnas
1128 1098 1183 1164 vel
1207 1100 1277 1163 sin-

186 1205 316 1288 gularis
348 1205 481 1268 numeri
512 1221 646 1267 versum
681 1219 747 1262 non
782 1199 901 1266 tulissc
928 1201 1048 1284 aliter,
1079 1207 1118 1266 ut
1139 1195 1275 1288 χρόνοιο

185 1307 281 1389 Xll,
316 1309 367 1372 15.
402 1298 561 1393 όρόμοιο,
594 1301 818 1382 XXXVlll,
853 1303 927 1368 287.
976 1303 1132 1386 Regulus
1160 1311 1276 1366 autem

185 1407 318 1489 hiatus,
342 1428 428 1491 quas
449 1409 564 1470 atatim
586 1425 764 1488 ponemus,
788 1405 959 1488 efficiunt,
983 1409 1025 1470 na
1047 1407 1176 1471 formas
1199 1407 1276 1490 qui-

186 1511 262 1576 dem
293 1503 415 1596 χρόνου
446 1516 483 1575 ct
512 1500 621 1596 χρόνῳ
653 1509 807 1594 potuisse
838 1515 917 1572 ante
950 1509 1104 1574 vocalem
1138 1509 1205 1572 nisi
1238 1510 1276 1572 in

185 1614 295 1694 primo
318 1621 352 1677 et
373 1619 496 1698 quarto
520 1611 606 1695 peda
628 1631 768 1695 ponere,
792 1617 826 1673 ot
848 1611 903 1674 vol
917 1612 951 1674 in
965 1609 1021 1676 his
1032 1611 1094 1676 le
1108 1613 1271 1694 potuisse.

185 1715 279 1781 Illuc
300 1717 495 1800 explicatur
514 1733 578 1779 nec
599 1715 693 1778 casui
715 1715 883 1776 tribuetur
909 1712 994 1778 illud
1018 1713 1109 1797 quod
1138 1720 1276 1798 practer

185 1812 347 1907 όρόμονο,
374 1811 525 1904 χρόνοιο,
552 1817 700 1903 βροτῶν,
725 1815 871 1897 βροτοῖς
898 1818 1073 1899 correptio
1104 1825 1185 1880 autc
1214 1838 1275 1882 eos

185 1929 315 1986 tantum
349 1939 449 1985 casus
481 1917 603 1983 horum
635 1917 879 1983 vocabulorum
912 1918 1102 1996 invonitur,
1136 1921 1197 2004 qul
1237 1921 1273 1984 in

182 2023 386 2126 syllabam
377 2027 500 2088 exeunt
532 2019 654 2086 niaturc
688 2020 834 2122 longam.
891 2019 957 2085 Cui
979 2019 1188 2086 simillimum
1208 2029 1271 2096 cst,

184 2126 275 2210 quod
288 2103 478 2248 ἀλλοτρίου,
499 2103 676 2210 ἀλλοτρίῳ,
689 2100 868 2210 ἀλλότριος
879 2122 1019 2206 dicutur,
1033 2131 1152 2191 contra
1171 2109 1275 2191 ἄλλοι

183 2250 277 2318 τριος
297 2237 332 2296 ct
352 2231 412 2316 qui
434 2249 532 2304 casus
554 2226 683 2302 similes
710 2233 799 2291 sunt.

682 2416 764 2492 to.

512 2585 639 2658 Hiatus
659 2557 943 2671 apull‘Nonnum.

709 2723 739 2788 1.

269 2840 513 2934 Dipluthongus
557 2841 613 2910 vel
652 2841 754 2926 longa
781 2843 912 2909 vocalis
941 2843 977 2908 ln
1016 2844 1135 2912 ultima
1173 2847 1272 2915 brou-i

182 2952 325 3036 dactyli.

267 3041 344 3117 Hoc
366 3047 678 3135 frequentissimum
701 3053 754 3113 ost
775 3047 935 3121 (dicimus
957 3049 1047 3115 nunc
1070 3051 1111 3116 da
1134 3053 1270 3146 Diony·
1367 3045 1368 3122 l

180 3157 323 3232 siccis)
322 3156 357 3232 ip
382 3155 492 3238 priuuo
510 3160 545 3218 ct
567 3159 687 3236 quarto
712 3152 813 3236 pede,
839 3150 937 3236 paulo
960 3156 1069 3217 rarius
1087 3157 1122 3220 in
1136 3158 1267 3239 quinto,

179 3281 346 3346 nunquam
381 3257 590 3322 iuvenitur
581 3275 616 3317 ιο
638 3254 788 3318 secundo
811 3262 844 3319 ot
867 3257 981 3320 tertio.
1004 3255 1099 3334 XX,
1121 3261 1186 3324 366
1209 3255 1267 3326 ool

179 3358 330 3430 πλέον
307 3381 442 3427 εοοεται
464 3349 559 3439 εὖχος
582 3377 647 3430 non
672 3375 806 3456 possum
831 3379 897 3424 non
920 3370 1119 3444 corruptum
1132 3371 1265 3443 putare

178 3453 388 3532 Fortasse*
363 3483 527 3542 αοπετον,
550 3447 716 3526 vocabulo
739 3455 845 3525 πλέον
878 3467 1013 3526 retento
1038 3461 1102 3536 (cl.
1123 3463 1273 3530 XLVII

125 3629 132 3642 ,
176 3557 258 3650 446)
278 3569 332 3634 rel
356 3568 513 3642 mutato
504 3585 540 3629 ιη
563 3555 702 3629 πέλεν.Ι
719 3561 806 3627 llam
828 3572 1027 3646 corruptum
1049 3563 1175 3647 XXV,
1197 3567 1263 3633 489

124 3692 132 3706 ·
175 3667 357 3758 τικτομένῳ
379 3665 419 3737 tt
440 3663 473 3735 oi
493 3657 552 3756 ηεν
564 3655 658 3755 Ἔρις
679 3659 811 3755 τροφός
864 3665 967 3768 Quod
988 3667 1087 3734 sacili
1110 3669 1272 3736 emcnda-

174 3820 404 3840 m

176 3993 271 4062 itm
285 3991 458 4068 Ἐρυθραίων
474 3991 573 4061 XVll,
590 3991 645 4052 390
667 3998 832 4061 corruptum
850 3997 903 4048 cat.
939 3991 981 4050 ct.
1001 3991 1154 4052 Graetlurn.
