2832 4494
1116 219 1191 302 18⁷

125 422 233 513 igitur
262 416 416 496 homines,
445 415 642 504 significant
674 419 734 488 isti
766 421 904 492 retrusi
937 455 976 474 -
1005 413 1190 500 πεδιαίους,

124 515 316 610 παράλους,
344 513 528 608 ἀιακρίουςτ
557 525 595 586 ut
623 541 741 612 magne
766 523 914 607 suspicio
943 523 991 598 sit
1018 525 1054 592 in
1075 522 1192 592 Attica

125 645 186 690 eos
215 627 315 692 natos
346 640 420 686 esse
450 641 513 690 neo
544 621 743 703 Hesiodeos.
798 625 876 709 Quo
904 619 1011 714 me'gis
1036 626 1190 712 proxime

125 745 247 796 versus
267 724 463 802 subiunctus

459 817 496 894 σί
513 816 540 890 τ’
563 813 664 910 ἀμκοα
684 819 869 916 βησσήεντα
984 887 994 906 .

296 917 422 996 πόντου
442 921 656 1009 κυμαίνοντος
677 921 859 1022 ἀπόπροθι
879 921 982 996 πίονα
1000 930 1107 1018 χῶρον
1140 981 1145 992 .

128 1029 310 1124 impeditus
342 1035 403 1097 cst.
455 1028 545 1117 Nam
577 1028 607 1092 si
640 1049 706 1094 non
738 1029 781 1098 dc
808 1037 903 1098 certa
924 1033 1059 1122 regione
1081 1051 1190 1100 sermo

126 1140 196 1209 cst,
219 1137 350 1198 montes
372 1135 406 1198 ot
425 1131 532 1199 saltus
554 1127 717 1214 profecto,
730 1135 957 1218 praecipue
977 1133 1136 1202 foecundi
1156 1138 1190 1200 et

126 1219 337 1300 oberes‘dici
359 1255 424 1297 non
447 1236 600 1318 possunt!
623 1233 714 1318 quod
735 1236 854 1300 sumsit
876 1235 1055 1318 Spohnius.
1088 1235 1192 1302 Side

127 1325 223 1402 certis
243 1335 358 1420 aliqua
379 1335 513 1418 regione
539 1335 752 1416 cogitandum
774 1341 844 1416 est,
873 1337 908 1400 in
932 1339 1095 1420 Atticam,
1122 1356 1208 1420 qno¹

127 1437 208 1502 duci
229 1424 441 1514 videbamur,
464 1435 554 1522 quod
576 1437 637 1500 illo
658 1457 758 1504 uersu
780 1439 973 1504 continetur
993 1457 1060 1506 non
1080 1438 1191 1506 cadite
1294 1477 1298 1482 -

126 1539 187 1608 sed
208 1539 298 1624 quod
318 1537 451 1606 videam
474 1559 536 1606 nec
557 1538 651 1606 cedit
671 1538 707 1604 in
727 1538 960 1621 Boeotium*).

213 1641 256 1706 In
279 1660 378 1708 verso
400 1641 615 1724 subsequenti

293 1735 451 1807 ναίουσιν.
493 1734 806 1838 semivocalem,
828 1738 947 1828 γυμνὸν
957 1739 994 1810 ὅτ
1001 1739 1191 1825 βοωτεῖν-

126 1841 206 1909 novi
227 1843 399 1928 praecepti
420 1843 580 1908 introitus
601 1843 638 1910 in
657 1843 895 1927 mediorersn,
929 1845 1002 1913 sine
1024 1843 1190 1930 porticula

124 1945 266 2010 offendit
304 1943 459 2028 profecto
485 1964 549 2010 nec
569 1949 686 2014 estex
707 1944 807 2032 ¹huius
827 1947 987 2014 carminis
1022 1965 1125 2012 more.
1149 1979 1187 1994 -

185 2065 189 2083 “
212 2047 290 2112 Ηοσ
310 2045 415 2132 igitur
436 2052 649 2132 praeceptum
669 2047 718 2113 ita
738 2047 854 2120 nabet:

295 2151 326 2212 Γ
324 2143 423 2230 υμνάν
439 2143 600 2234 σπείρειν,
622 2144 741 2233 μυμνάν
761 2145 798 2217 ἀί
816 2151 962 2230 βοωτεῖν,

295 2246 416 2333 γυμνὸν
437 2243 467 2316 δ’
490 2242 628 2332 ἀμάειν,
651 2243 688 2316 τί
701 2242 730 2330 χ’
752 2245 837 2336 ὥρια
858 2244 952 2318 πάντ’
975 2243 1146 2336 ἀθίίῃςθα

295 2347 374 2437 ἔργα
394 2345 592 2433 κομίζεσθαι
612 2343 822 2440 Δημήτερος,
845 2346 891 2430 ὥς
909 2373 963 2417 τοι
988 2345 1110 2417 ἕκαστα

297 2446 367 2539 ὅρι’
390 2445 524 2540 ἀέξηται
544 2485 588 2502 -

128 2557 225 2625 Haec
245 2554 391 2620 Vossius
411 2561 446 2619 et
467 2555 651 2620 Pnssouius
672 2553 725 2619 sic
745 2553 931 2638 explicante
959 2551 1100 2630 „Nudus
1119 2569 1189 2620 arc.

128 2679 205 2724 sere
235 2658 359 2736 nudus,
391 2658 422 2720 si
454 2657 588 2740 quidem
619 2649 732 2720 omnic
762 2655 888 2720 rustico
916 2674 1019 2737 opera
1045 2651 1190 2734 tempori

130 2779 252 2825 curare
272 2759 358 2826 ris.“
390 2759 436 2822 At
455 2757 522 2822 hoc
542 2757 826 2822 inconsideratius
847 2754 1000 2819 fecerunt
1017 2755 1191 2839 viriprne-

131 2859 342 2925 stantissimi.
394 2859 528 2924 Etenim
559 2859 705 2942 ineptum
735 2863 798 2921 est.
847 2857 937 2939 Ergo
959 2849 1059 2941 άίριος
1079 2855 1190 2940 potius

126 2963 234 3029 altera
258 2959 505 3044 significatione
533 2960 659 3024 dictum
676 2957 857 3024 uidebitur
884 2978 946 3042 pro
968 2950 1120 3038 ἀκμάζων
1140 2958 1192 3031 (ut

127 3057 227 3148 κράος
258 3057 359 3148 ὥριον
390 3081 423 3125 v.
455 3063 536 3128 545:
568 3068 602 3126 et
627 3055 729 3146 ιίίριος
755 3065 791 3125 ct
811 3053 934 3145 ὡραῖος
954 3065 1130 3143 utrumque
1156 3059 1192 3120 in

126 3167 181 3230 his
219 3165 422 3228 carminibus
457 3161 658 3244 significatje
697 3181 772 3230 sero
806 3161 914 3228 nudus
947 3195 984 3210 -
1018 3159 1050 3226 si
1081 3159 1193 3224 omnin

125 3288 235 3354 opera,
252 3265 378 3332 rustice
398 3257 592 3350 ἀκμάζοντα
614 3285 734 3332 curere
754 3263 823 3346 vis,
845 3267 882 3330 ut
901 3262 1036 3330 felicem
1057 3279 1192 3330 succes-

128 3434 353 3452 μ

193 3555 220 3615 *i
237 3551 351 3620 Inspice
374 3568 400 3606 e.
426 3567 454 3620 g.
481 3552 607 3620 reliquos
632 3553 710 3610 iocos
727 3551 809 3608 huius
826 3548 962 3606 Hesiodei
979 3545 1122 3616 corporis,
1142 3545 1192 3602 ubi

124 3641 226 3710 βῆσσαι
251 3637 380 3694 dicuntur
402 3635 509 3704 Τίτιος.
532 3641 592 3695 860.
615 3643 676 3697 865.
699 3635 777 3694 Seni.
794 3639 854 3698 836.
872 3639 927 3704 Op·
944 3635 1010 3700 51³,
1027 3640 1056 3688 et
1070 3626 1194 3702 βρσσὴεις

125 3725 236 3794 Τίτιος.
253 3729 312 3782 130.
332 3723 387 3790 Ορ.
408 3725 473 3780 5³2:
496 3723 579 3790 longe
600 3723 683 3776 eiiam
701 3737 793 3776 esrum
810 3719 932 3796 speciem
950 3717 1066 3791 depingi
1083 3715 1192 3772 ridebis

124 3825 209 3880 quum
229 3823 359 3878 errorum
381 3805 521 3862 fertilium.
560 3805 594 3862 Ιιι
614 3821 650 3864 eo
670 3807 761 3880 spurii
780 3814 809 3861 et
830 3801 943 3874 genuini
966 3817 1065 3860 remus
1080 3801 1192 3872 conspi-

126 3903 195 3950 rnnt.
214 3924 243 3939 -
264 3892 334 3948 Item
351 3891 426 3960 nond
443 3893 601 3946 Homerum.
