2832 4494
1248 196 1250 204 v

215 470 329 569 ἔκιιρί
353 471 570 566 ἀνθρώποισι
589 478 676 562 Διὸς
696 435 803 574 moad
816 479 1014 576 μητιόεντος

213 575 251 647 ἐν
276 574 379 669 κοίλῳ
400 575 563 670 νάρθηκι,
584 581 702 654 λαθών
728 583 800 655 Δία
830 590 1098 680 τερπικέραυνον..

128 741 359 764 m

130 861 208 918 circo
233 863 307 919 enim
330 861 475 922 aerumnas
498 867 632 925 medilano
654 869 814 930 hominibus
830 873 973 934 Feminam
995 883 1115 954 creavit,
1138 889 1214 946 cala·

131 967 253 1022 mitatem
272 965 453 1042 inominibuat
483 973 520 1034 (v.
547 975 596 1030 89:
620 971 667 1027 ubi
690 974 728 1029 ci.
752 992 824 1044 quae
842 978 987 1047 dicemus).
1022 987 1130 1045 Variae
1146 991 1176 1046 h.
1193 995 1215 1046 1.
1331 1037 1335 1044 .

116 1069 356 1135 (narratiunculae
372 1071 494 1140 positae,
513 1089 570 1142 quo
588 1073 671 1128 modo
688 1074 802 1132 labores
820 1093 848 1134 et
864 1098 1015 1142 aerumnae
1031 1087 1068 1144 ad
1083 1091 1215 1150 hominen

130 1171 270 1240 venerint,
288 1173 435 1242 etquidem
446 1175 498 1228 luae
511 1175 545 1238 ·)=
568 1175 594 1238 1)
616 1175 748 1248 luppiter
765 1179 936 1242 Prometheo
954 1199 1072 1259 propter
1088 1193 1214 1252 fraudem

132 1273 297 1328 Meconem
323 1275 412 1331 iratus
435 1275 538 1331 victum
563 1276 724 1334 hominibus
739 1283 925 1343 abscondidit.
961 1289 1007 1346 Ad
1025 1290 1136 1366 κρύψε
1151 1301 1215 1366 ῥίον

129 1375 165 1432 cl.
184 1378 280 1448 hymn.
300 1377 364 1434 Cer.
381 1383 446 1446 ³⁰7,
468 1383 535 1444 353,
558 1378 593 1432 cl.
610 1375 723 1438 κεύθειν
739 1399 766 1442 v.
784 1387 862 1452 452).
901 1391 930 1452 2)
947 1389 1215 1473 luppiter'propter

129 1477 255 1534 fraudem
278 1480 440 1536 Meconem
463 1479 632 1536 Prometheo
657 1482 745 1540 iratus
768 1485 888 1556 primum
910 1489 1003 1560 iguem
1025 1498 1213 1570 abscondidit,

128 1581 186 1636 hoc
203 1581 305 1638 deinde
322 1601 375 1654 per
397 1583 595 1638 Prometheum
621 1597 786 1657 recuperate
814 1587 956 1648 Feminam
983 1599 1102 1670 creavit,
1129 1619 1212 1672 quam

128 1683 312 1764 Epimetheus
337 1687 460 1770 accepit,
487 1703 559 1755 quae
583 1687 654 1744 lacta
671 1689 822 1768 Calaminae
840 1693 1013 1766 hominibus,
1036 1702 1112 1769 quod
1130 1705 1213 1764 luxui

129 1795 159 1842 et
175 1785 234 1842 otio
248 1757 347 1844 'dedita
364 1799 407 1844 est
424 1793 466 1854 (ut
484 1789 591 1858 Theog.
609 1793 661 1849 590
678 1793 750 1862 sqq).
777 1795 857 1852 llaec
874 1808 979 1868 autem,
997 1819 1079 1870 quam
1096 1808 1213 1870 alteram

129 1889 270 1958 diximus,
288 1891 496 1946 narratiuncula
518 1892 669 1974 dupliciter
696 1895 837 1964 explicata
855 1909 913 1968 eat,
931 1919 966 1956 eo
984 1902 1162 1980 discrimine,
1183 1923 1215 1969 ut

129 2009 202 2049 unus
220 1995 408 2049 tantummodo
425 1993 566 2050 Feminam
585 1995 698 2066 diceret,
716 1999 866 2056 Pandorae
883 2005 996 2060 nomine
1012 2009 1117 2068 omisso
1134 2014 1212 2080 (item

126 2096 204 2150 utin
222 2095 411 2165 Theogonia),
429 2097 587 2154 alterneto
605 2115 623 2154 a
639 2101 759 2169 singulis
781 2089 844 2159 Diis
863 2105 944 2162 donis
962 2105 998 2163 ad
1016 2087 1145 2183 corporis
1164 2135 1213 2174 or·

124 2207 222 2254 natum
240 2199 401 2258 instructam
418 2199 507 2258 luisse
523 2210 607 2269 atque
623 2201 690 2258 iude
704 2197 863 2260 Pandoram
881 2211 1049 2270 nominatam
1066 2219 1210 2284 proderet.

127 2303 273 2358 Caeterum
290 2303 472 2358 mihicertum
491 2312 545 2369 est,
565 2309 595 2360 ut
611 2322 711 2362 nomen
729 2305 877 2364 Pandorae
894 2329 930 2365 ne
948 2330 1021 2370 nunno
1038 2317 1150 2386 quidem
1168 2333 1211 2380 est
1283 2301 1285 2310 ,

128 2404 158 2461 in
185 2405 366 2474 Theogonia‚
394 2385 459 2462 item
481 2405 511 2461 in
530 2421 576 2474 ea,
594 2423 676 2475 quam
695 2424 768 2464 nunc
785 2409 825 2466 ibi
843 2397 978 2486 legimus,
996 2401 1156 2480 narratione
1172 2429 1208 2482 ab

126 2511 211 2566 initio
229 2527 281 2568 nec
298 2510 333 2564 de
351 2508 403 2564 illo
422 2524 503 2576 quem
520 2523 538 2562 a
555 2507 609 2564 Dis
626 2509 735 2580 accepit
752 2522 852 2568 ornatu
869 2515 968 2574 tuisse:
988 2520 1094 2596 quippe
1112 2544 1210 2584 versus

125 2615 236 2682 Theog.
262 2613 314 2670 5'l'l
341 2611 387 2664 vel
414 2614 554 2672 575-584
579 2621 643 2684 post
664 2613 774 2669 demum
790 2615 974 2687 interpositos
992 2622 1092 2691 luisse,
1110 2645 1137 2682 u.
1155 2633 1209 2689 587

125 2717 218 2772 docet.
252 2700 282 2781 3)
300 2713 378 2768 Mala
393 2730 446 2780 per
463 2711 591 2768 seminam
609 2725 752 2773 venerunt.
787 2717 899 2774 Etenim
919 2721 1062 2792 luppiter,
1085 2718 1206 2788 homini*-

124 2823 180 2876 bua
198 2821 270 2874 bene
287 2815 418 2887 cupiens,
435 2813 492 2888 ipsi
510 2817 617 2874 homini
640 2821 713 2876 mala
736 2824 931 2878 conservanda
947 2825 1062 2882 dederat
1079 2829 1108 2885 iu
1127 2832 1205 2890 dolio

123 2923 199 2996 [iere
221 2931 252 2975 ut
273 2919 378 2976 Aeolus
401 2927 500 3006 ventos
525 2919 632 2987 UlixiJ:
650 2933 679 2978 at
696 2921 759 2978 rixa
777 2925 915 2996 quondam
933 2937 996 2984 orta
1013 2948 1075 2986 cum
1094 2935 1206 3004 femina,

123 3025 249 3093 maligne
266 3023 335 3078 haec
352 3021 425 3080 illud
445 3022 551 3078 dolium
568 3023 688 3093 aperuit.
722 3027 852 3085 Attamen
869 3025 1002 3104 iuppiter
1021 3021 1120 3094 liorum
1138 3058 1206 3108 pro,-

125 3125 210 3184 vidua
228 3135 343 3202 praeter
360 3126 434 3181 mala
452 3123 535 3181 etiam
553 3125 639 3199 Spem
656 3129 819 3201 includeret,
837 3142 865 3188 et
882 3135 943 3191 eius
960 3155 1028 3196 cura
1045 3139 1145 3196 sactum
1162 3152 1207 3198 est

126 3239 159 3286 at
173 3229 286 3297 [femina
311 3236 457 3298 antequam
485 3229 557 3303 Spes
582 3232 710 3288 evolaret
729 3235 873 3292 clauderet
896 3239 1014 3298 dolium.
1049 3243 1099 3298 Sic
1116 3244 1205 3314 igitur

121 3331 258 3392 malorum
275 3331 330 3387 iam
347 3349 403 3388 nou
420 3333 504 3388 habet
521 3333 958 3421 potestatemtSpemailiihabet.
979 3377 1004 3390 -
1028 3349 1056 3407 t)
1075 3343 1204 3414 Degene-

121 3449 202 3490 raaae
210 3433 341 3508 paulatim
350 3433 486 3504 homines,
498 3435 553 3492 iam
562 3439 679 3494 Homeri
688 3443 862 3510 temporibus
870 3445 1015 3504 creditumr
1026 3440 1204 3521 νῖοινῦνβρν-

119 3541 233 3594 rotator.
251 3537 300 3594 Sic
308 3539 505 3608 excogitatum,
523 3549 552 3594 ut
563 3557 613 3605 per
623 3541 702 3596 varia
711 3543 851 3600 hominum
860 3561 963 3614 genera
972 3547 1103 3622 paulatim
1113 3553 1202 3620 magia

120 3642 267 3710 magisque
277 3641 305 3696 in
316 3641 396 3713 peius
405 3641 512 3711 lapaum
522 3643 558 3697 sit
568 3644 709 3698 hominum
718 3663 815 3712 genus.
834 3647 891 3703 Sed
899 3649 968 3706 haec
977 3667 1089 3722 quoque
1098 3655 1134 3709 ab
1142 3657 1201 3711 alio

119 3745 358 3812 aliterexplicata.
368 3743 417 3802 Sic
426 3745 530 3814 luitqui
538 3745 995 3808 cumlaanchiatoriolamtractaret
1013 3742 1200 3816 tautummodo

188 3901 215 3962 *)
231 3901 310 3958 llaec
326 3915 386 3956 mea
403 3889 505 3956 dodum
522 3903 629 3974 scripta
644 3912 720 3963 aunt.
759 3905 802 3962 Gt.
821 3905 857 3962 da
874 3906 1041 3976 quinorum
1057 3911 1200 3970 lletiteror

120 3983 151 4044 io
169 3985 268 4042 zimm.
286 3986 368 4044 Diar·
385 3987 454 4044 llini.
475 3993 551 4048 1836.
