2736 4486
1094 265 1147 348 ⁷7
1160 285 1162 290 ,

71 473 269 604 σὶφλιμμένη
289 470 336 564 μὴ
358 470 509 560 ἔχουσα
498 465 754 582 ἅνάπαυσινοέιιι
775 465 1026 593 ἀναστρέφεται·
1048 495 1146 568 σεση-

69 707 103 749 αι
90 679 416 806 ’σοναλειφθεῖσαι
420 672 479 746 οὖν
492 671 767 802 ἀναστρέφονται,
789 671 1147 766 σεσημειωμένουένεί

70 809 123 854 νον
143 785 274 852 στεῦτο
285 779 349 872 γὰρ
367 774 566 870 Ἡφαίστοιο
588 774 667 869 πόρ’
692 775 831 865 οἶσέμεν.

150 937 228 1006 Nee
257 936 415 1002 omiserat
440 933 509 1000 boo
536 935 572 998 in
593 931 782 1016 catholica,
811 953 844 996 ν.
874 930 932 1000 Jo.
955 934 1008 998 ΑΙ.
1034 955 1066 1020 ρ.
1087 936 1143 1017 18,

74 1033 105 1106 έν
130 1039 180 1126 ’τῷ
212 1039 329 1106 στεῦιο
365 1069 408 1086 ·-
435 1033 494 1124 τὴν
522 1028 617 1124 πάρα
638 1029 909 1124 ἀναστρέφουσιν,
930 1031 985 1100 ἵνα
1005 1026 1028 1126 ᾖ
1051 1035 1147 1126 παρὰ

73 1143 129 1206 soi
156 1135 345 1229 Ἡφαίστου
371 1133 503 1224 οἰσέμεν
529 1134 586 1205 ναὶ
612 1136 658 1224 μὴ
685 1133 857 1225 νομίζηται
883 1139 944 1202 τοῦ
960 1131 1147 1226 Ἡφαίστου

73 1239 157 1310 ὅπλα
194 1239 406 1330 παροισέμεν.
465 1241 587 1306 Paullo
614 1248 710 1322 ante,
737 1261 770 1308 v.
799 1241 838 1323 9,
860 1239 996 1306 dixerat
1018 1241 1145 1308 sactum

70 1367 139 1412 osse
160 1345 254 1431 quod
275 1336 453 1415 tardaverint
471 1339 510 1410 τὸ
538 1335 778 1445 σημαινόμενον
798 1336 1029 1426 λυμαίνεσθαι.

152 1499 275 1582 Neque
297 1495 470 1581 profecto,
499 1495 531 1562 si
553 1493 636 1580 quid
657 1493 776 1575 video,
804 1491 872 1561 hoo
892 1496 1038 1561 absurde
1059 1497 1147 1566 feeit

77 1601 313 1682 Aristarchus,
344 1600 404 1664 sed
432 1598 566 1682 regulae
590 1600 840 1663 convenienter.
883 1595 971 1664 Nam
993 1599 1059 1665 etsi
1080 1600 1148 1667 hoo

73 1705 146 1768 ioco
184 1723 269 1768 vera
307 1702 442 1788 quidem
483 1699 711 1784 interpunctio
749 1703 828 1782 post
859 1703 1146 1785 praepositionem

74 1799 148 1895 πέρ’
179 1806 274 1870 ιιαΙΙιι
301 1812 370 1885 est,
396 1809 507 1868 tamen
528 1805 650 1867 bonum
673 1805 840 1866 cantorem
863 1803 917 1869 vei
939 1810 1146 1888 anagnosten

11 1989 12 1994 ρ
72 1908 112 1974 ad
152 1908 406 1992 ambiguitatem
447 1904 620 1972 vitandam
652 1901 842 1970 artificiosa
874 1905 1017 1990 quadam
1050 1907 1147 1973 vocis
1218 1933 1223 1938 ·

71 2011 300 2076 modulatione
322 2015 356 2074 et
377 2027 481 2092 pausa
503 2005 599 2072 decet
619 2005 789 2082 indicare,
811 2025 879 2071 non
900 2009 1039 2072 verbum
1056 2031 1146 2098 παρ-

10 2155 11 2158 ,
73 2111 203 2196 οισέμεν
230 2111 290 2177 bio
316 2107 570 2194 intelligendum
593 2127 685 2192 esse,
712 2109 774 2179 sed
796 2111 1080 2194 praepositionem
1102 2112 1148 2186 ad

10 2161 12 2268 i
72 2215 276 2298 praecedens
298 2215 412 2298 potios
433 2210 675 2278 substantivum
698 2213 879 2295 pertinere.
913 2213 1023 2278 Simili
1046 2233 1147 2280 sensa

73 2319 193 2383 ductus
225 2317 372 2382 Vossius
405 2315 522 2401 hymn.
554 2313 655 2377 Dona.
687 2315 752 2380 tta
780 2311 840 2392 τὰς
861 2311 899 2382 δέ
919 2308 988 2398 μέτ’
1012 2307 1148 2402 ε’έμγελον

75 2407 130 2504 ἧκε
158 2419 346 2504 probabat,
376 2417 466 2504 qnod
487 2413 643 2499 μεθιέναι
664 2435 802 2499 prorsas
823 2417 916 2483 aliud
937 2417 1069 2502 quid
1042 2421 1147 2506 sagni-

73 2519 194 2590 bearet
215 2529 251 2606 et
271 2521 433 2622 absonam
455 2519 497 2586 ab
518 2516 586 2582 hoo
612 2517 700 2584 ioco.

10 2631 12 2698 i

10 2735 11 2772 ρ
153 2671 436 2758 Respiciendus'
426 2691 462 2736 rn
481 2669 546 2737 hao
567 2691 669 2739 causa
689 2690 808 2736 versus
827 2669 870 2748 A,
891 2670 934 2737 97

198 2776 258 2842 τοῦ
280 2798 335 2842 κεν
356 2771 396 2860 δὴ
419 2765 611 2864 πάμπρωτα
632 2797 701 2860 παρ
698 2765 840 2857 ’ἀγλαὰ
863 2771 955 2860 δῶρα
982 2771 1112 2865 φέροιο.

76 2877 151 2958 Quo
175 2877 252 2942 loeo
274 2875 358 2942 haec
379 2882 516 2944 servata
536 2881 613 2942 sunt
634 2863 880 2942 Herodianea
870 2895 906 2942 rn
928 2877 1005 2943 aod.
1027 2881 1073 2946 A.
1094 2904 1146 2948 τι-

73 2979 123 3058 νές
149 2973 459 3067 ἆνασιρέφουσι
423 3002 483 3066 την
510 2971 616 3064 παρά,
644 2977 769 3054 κανοις·
799 2969 1020 3046 οὐδέποτε
983 3004 1045 3069 γαρ
1067 2974 1146 3050 ιἰνα-

72 3078 251 3170 σιρέφεται
290 3074 455 3168 πρόθεσις
492 3081 601 3168 μενικῇ
630 3073 873 3168 συντασσομένρ
905 3075 1066 3150 πτώσει·
1074 3081 1147 3155 ἔστι

74 3183 134 3273 γὰρ
157 3181 198 3252 τὸ
221 3179 296 3270 ἑξῆς
317 3178 542 3270 παραφέροιο.

155 3318 287 3384 Scribit
307 3317 365 3384 hio
386 3316 597 3404 Spitzneras=
618 3315 770 3395 „Novam
793 3319 1027 3402 praescribunt
1047 3339 1147 3406 regn-

74 3419 139 3486 iam
162 3420 270 3486 schol.
283 3421 382 3488 -Ven
409 3421 463 3486 nt
483 3421 613 3494 eadem,
627 3418 827 3496 Aristarcho
848 3428 1045 3504 praeeunte,
1057 3425 1092 3487 in
1103 3425 1146 3490 11.

73 3523 217 3603 18,191
240 3523 315 3586 loco
327 3523 498 3596 simillimo
509 3522 596 3588 hano
611 3521 800 3588 concedunt
810 3522 938 3588 tenoris
950 3523 1146 3592 inclinatio·

73 3643 160 3690 nem.
207 3625 292 3702 Qua
305 3645 407 3710 qaum
428 3626 537 3692 omnis
558 3622 694 3688 dicentii
715 3624 916 3708 ambiguitas
936 3627 1060 3710 optime
1073 3629 1145 3694 evi-

74 3733 185 3800 tetur,
208 3745 270 3790 cnr
290 3747 362 3792 eam
383 3725 441 3792 hio
450 3725 641 3814 repudiare
661 3725 804 3794 velimus
824 3745 891 3790 non
912 3725 1078 3812 inteiiigo.
1082 3731 1102 3770 ‘⁴
1202 3739 1216 3752 ⁸

158 3827 209 3894 At
228 3797 433 3914 nequaquam
455 3832 598 3914 uterque
619 3828 714 3894 locus
733 3828 857 3894 similis
877 3831 938 3894 est.
977 3825 1064 3896 Nam
1076 3829 1144 3898 boo

70 3927 147 3996 ioco
171 3925 378 4020 παραφέρειν
399 3930 608 4018 aptissimum
631 3933 695 3997 este
718 3929 888 4016 significat
908 3927 994 3996 enim
1008 3933 1143 4001 auferre

193 4261 205 4296 b
