2832 4494
1136 245 1210 324 185

144 538 286 616 tia,‘ea
317 535 435 600 dedita
466 555 572 620 opera
602 537 729 620 accinta
758 541 811 603 nat
837 540 879 602 de
901 540 1035 606 vicinis.
1079 545 1213 614 Deinde

143 657 263 704 nerana
289 638 385 724 πῆμα
408 634 506 713 κακὸς
527 633 655 722 γείτων,
684 631 785 703 ὅσσον
806 632 832 704 τ’
853 631 987 724 ’ἀγαθὸς
1006 638 1077 730 μέγ’
1101 638 1213 739 ίίνειαρ

144 759 233 823 φατε
254 743 352 804 antea
374 739 417 804 ale
438 740 553 804 vicino
575 739 670 804 dicta
691 747 797 806 erant
810 743 1090 826 quasiretractat
1123 749 1214 818 Nem

143 841 219 906 illic
237 841 276 904 in
298 841 491 906 universnm
513 841 733 906 laudabantur
753 843 875 924 vicini,
898 850 936 909 nt
957 867 1042 930 qnos
1064 852 1214 919 neande-

144 950 222 1009 ceat
242 943 286 1010 ael
308 943 582 1008 commodandum
605 944 838 1026 paratissimos
860 965 953 1012 essee
974 953 1092 1018 contra
1112 951 1214 1020 inhia

144 1045 394 1129 dintinguantur
416 1045 494 1108 boni
515 1044 621 1109 vicini
645 1049 678 1108 et
701 1045 796 1126 inali,
821 1067 904 1132 quoa
919 1047 1000 1132 jllla
1021 1053 1117 1134 prior
1136 1073 1216 1120 nen·

144 1149 251 1210 tentia
278 1147 471 1232 ignorabat,
500 1151 536 1211 ct
563 1145 643 1210 illae
665 1147 841 1228 generales
862 1149 979 1214 laudea
1001 1159 1216 1221 coarctantur

145 1248 391 1330 quodammodo
425 1255 459 1312 et
490 1249 757 1332 restringuntur,
791 1255 828 1313 ut
862 1249 904 1314 de
937 1253 1032 1317 bonis
1064 1257 1212 1324 valeant.

146 1347 247 1414 Dabo
270 1371 373 1425 nnnc,
397 1351 427 1414 si
450 1351 525 1432 quis
547 1355 658 1433 urget,
681 1347 744 1415 hos
765 1353 836 1414 tres

228 1469 323 1554 πῆμα
343 1464 440 1544 κακὸς
467 1461 582 1552 γείτων
605 1459 705 1532 ὅσσον
726 1459 752 1530 τ’
777 1460 908 1552 ἀγαθὸς
928 1464 999 1555 μέγ’
1024 1463 1152 1562 ἷίνειαρ·

230 1565 355 1658 ἔμμορέ
375 1590 429 1634 τοι
449 1569 562 1654 τιμῆς,
586 1561 624 1644 ὅς
645 1561 671 1632 τ’
696 1563 820 1656 ἔμμορε
841 1565 989 1654 γείτονος
1014 1567 1152 1641 ἐσθλοῦ·

228 1663 298 1746 οὐδ’
322 1659 653 1753 inconcinnitate,
675 1661 705 1732 εἶ
724 1665 770 1752 μὴ
792 1666 907 1756 γείτων
927 1669 1028 1750 κακὸς
1054 1669 1118 1764 εἴη,

150 1771 402 1854 coniungendas
423 1792 513 1850 ease,
537 1778 572 1836 ut
592 1789 692 1836 nnana
713 1768 868 1838 efficiant
887 1775 1101 1845 sententiam.
1150 1781 1213 1850 Se·

143 1873 261 1956 quitur
283 1880 376 1938 certe
403 1893 505 1940 novat

228 1981 277 2055 El
297 1989 357 2072 μὲν
377 1993 573 2078 μετρεῖσθαι
595 1987 689 2080 παρὰ
710 1984 870 2079 γείτονος,
893 1997 971 2060 cett.

231 2093 325 2178 Ergo
347 2101 417 2160 tres
438 2093 623 2174 sententiae
644 2099 722 2160 aunt
743 2094 786 2160 de
807 2096 939 2178 vicino,
961 2096 1017 2163 vel
1039 2102 1078 2164 nt
1089 2101 1215 2170 rectius

143 2192 314 2278 dicamne,
336 2194 422 2260 duee
444 2195 486 2260 de
507 2195 634 2260 Vicina
641 2240 650 2272 ,
674 2196 796 2261 anain
818 2217 883 2282 qua
904 2198 1049 2264 incurrit
1070 2203 1216 2270 Vicinus

143 2301 180 2362 et
202 2301 239 2360 ut
260 2297 297 2362 in
318 2297 460 2390 reliquia
479 2296 675 2362 vocabalum
697 2283 832 2364 Γείτωί.
863 2299 1077 2368 Inter'iicitnr
1097 2325 1217 2372 verane

227 2411 290 2498 Μὴ
310 2411 396 2480 κακὰ
416 2409 610 2502 κερδαίνειν,
631 2411 716 2478 κακὰ
738 2410 858 2500 κέρδεα
878 2405 920 2480 ίο’
949 2408 1076 2504 ἷίτῃοιν,

146 2513 190 2580 (le
222 2537 288 2601 qao
327 2510 421 2581 iaifra
458 2517 581 2582 dicam.
638 2515 740 2582 Nunc
771 2517 1118 2600 animadvertendum,
1150 2521 1216 2590 hoc

145 2637 216 2682 nnn
245 2637 347 2683 varan
379 2619 558 2684 interiecto
592 2619 690 2704 ecqui
721 2637 763 2683 ea
791 2637 876 2702 quac
898 2631 976 2682 sant
997 2619 1040 2682 de
1060 2613 1213 2706 Αιδόναι,

146 2739 288 2804 quorun
309 2719 445 2786 initiam
466 2721 520 2786 eit

192 2842 196 2851 '
230 2833 299 2903 Τὸν
320 2835 478 2925 φιλίοντα
500 2836 610 2926 φιλεῖν
628 2832 685 2902 καί
705 2834 752 2922 τῷ
772 2827 943 2923 προςιόντι
963 2835 1131 2923 προςεῖναι

227 2936 284 3006 καί
304 2932 417 3022 Δόμεν
436 2934 476 3017 ὅς
496 2961 550 3005 κεν
571 2939 635 3024 δῷ,
664 2934 721 3002 καὶ
741 2933 786 3022 μὴ
820 2929 921 3019 δόμεν
947 2933 988 3015 ὅς
1007 2962 1062 3004 κεν
1081 2937 1127 3026 μὴ
1150 2940 1209 3027 δῷ.

131 3037 254 3106 'Viden
276 3043 383 3124 igitur
401 3038 543 3123 Γείτιον,
565 3031 709 3106 Διδόναι
730 3073 772 3087 ·-
793 3041 839 3120 Γ,
861 3040 902 3104 Δ.
945 3041 993 3104 Et
1014 3061 1111 3124 quam
1129 3042 1215 3109 haec

143 3145 257 3209 sciens
279 3145 404 3227 aliquis
426 3143 575 3210 externit
598 3142 709 3225 potina
731 3139 870 3206 indiciis
882 3143 1003 3207 ductu
1016 3163 1213 3226 composne-

144 3247 204 3319 rit,
235 3247 291 3310 vel
324 3243 579 3330 hincapparet,
608 3243 698 3328 qnod
720 3243 755 3306 in
777 3241 851 3322 hia,
881 3265 967 3327 quae
989 3251 1066 3308 sunt
1088 3245 1130 3310 da
1151 3246 1215 3310 Δι-

145 3341 258 3425 alvan,
287 3349 431 3432 primum
465 3347 612 3431 positum
639 3346 677 3410 id
705 3345 801 3408 caina
822 3345 959 3411 initium
980 3345 1033 3410 es‘t
1053 3337 1122 3430 τόν
1143 3366 1213 3430 φι-

140 3446 289 3516 λέοντα
324 3446 433 3535 φιλεῖν
464 3481 524 3530 -‚
558 3467 625 3532 qno
647 3449 754 3531 megla
775 3445 1002 3530 respondeant
1023 3446 1128 3510 verba
1147 3445 1211 3524 illi,

143 3551 234 3636 qnod
254 3551 290 3614 in
310 3549 491 3634 proximis,
514 3550 571 3614 nbi
587 3549 731 3613 Vicinus
753 3549 930 3633 regnabat,
952 3546 1097 3632 primum
1120 3551 1213 3616 craia

142 3650 213 3720 τὸν
233 3643 412 3740 φιλέοντ’
435 3646 611 3720 lateatne
638 3648 759 3716 καλεῖν.

227 3785 306 3854 Jenn
325 3785 457 3872 inspice
476 3804 596 3855 versus
615 3784 785 3852 alt-tta
804 3781 991 3868 (ipsiinlra
1007 3800 1066 3848 ena
1086 3781 1213 3850 descri-

142 3889 286 3975 psimus)
307 3896 344 3956 et
362 3889 532 3970 intelliges
554 3888 713 3970 excipere
734 3884 978 3952 sentententiae
1000 3883 1122 3968 partin
1135 3885 1211 3952 bre·
