2736 4486
227 313 281 396 ⁷8

230 518 273 584 nb
306 515 367 582 iiio
398 515 499 598 dona,
527 511 708 580 secedente
733 511 834 578 etiam
860 511 996 579 notione
1017 489 1126 578 dolo'ri
1149 513 1296 580 consilii.

228 619 308 684 litio
327 637 429 684 veroa
451 615 635 684 aVuicann
656 615 789 681 afferre.
834 613 910 680 Hoo
930 615 1047 680 subtili
1068 613 1198 680 iudicio
1222 619 1297 683 Ari·

229 719 386 786 starchus
412 725 446 785 et
472 717 686 784 Herodianus
715 725 971 802 perspexerunt.
1018 717 1203 783 Praeterea
1225 719 1296 782 illie

229 827 394 888 cavebant
422 843 463 886 ne
484 819 651 900 „Vulcani
672 823 786 884 arma“
808 819 1096 902 intelligerentur,
1126 813 1228 904 quod'
1241 821 1296 884 hio

229 925 339 992 minus
372 921 632 1008 providendum
663 941 739 986 narn
771 906 886 998 „itlius
917 921 1026 984 dona“
1065 941 1108 986 na
1145 923 1296 1004 ineptum

230 1027 365 1114 quidem
399 1033 462 1091 est.
516 1023 614 1102 Quae
645 1021 847 1089 exciderunt
878 1025 912 1088 in
945 1022 1137 1088 Herodiani
1164 1024 1295 1089 scholio

227 1151 294 1196 non
317 1127 504 1194 ono-modo
525 1125 675 1210 suppleri
697 1133 847 1212 possunt.
883 1125 1069 1192 Tantamns
1089 1125 1157 1190 hoo
1177 1127 1295 1190 rnodot
1352 1119 1354 1132 “

229 1227 392 1300 οὐδέποτε
430 1228 492 1316 γὰρ
534 1220 792 1315 ἀναστρέφεται.
816 1219 987 1314 πρόθεσις.
1021 1226 1295 1314 σοναληλιμμένη.

227 1327 298 1400 ἀλλ’
330 1325 408 1397 ouidi
433 1327 504 1395 ἔστι
526 1327 586 1395 ’νῦν
612 1329 654 1416 τῇ
674 1329 784 1418 γενινῇ
804 1325 1046 1416 σνντασοσμένη
1067 1323 1206 1396 πτώσει·
1228 1327 1296 1396 ἔστι

227 1431 289 1522 γὰρ
310 1431 348 1500 τδ
372 1426 447 1518 ἑξῆς
467 1427 692 1530 παραφέροιο.

313 1567 353 1634 ln
375 1569 436 1634 ilio
457 1567 567 1635 altero
588 1571 784 1653 praecepto,
806 1565 896 1653 queri
918 1573 970 1634 est
991 1563 1033 1632 de
1046 1571 1186 1634 accentu
1199 1588 1296 1653 prae-

228 1671 429 1758 positionem
460 1678 538 1754 post
568 1671 708 1736 socrrtos
739 1671 938 1736 interiectas
971 1669 1161 1752 retinendo,
1185 1671 1296 1736 Hero·

228 1775 349 1840 dianus
379 1792 483 1838 unum
514 1771 713 1856 discrepans
744 1772 930 1858 exemplam
961 1778 1071 1854 notat,
1093 1773 1183 1856 qnod
1206 1772 1295 1858 apud

228 1877 404 1942 Platonem
433 1875 683 1940 inveniebaturr
710 1870 786 1952 „nro
816 1873 1026 1958 σημειοῦνται
1051 1877 1109 1962 τὴν
1134 1871 1230 1961 παρὰ
1252 1876 1296 1964 τῷ

225 1970 385 2042 Πλάτωνι
403 1968 597 2060 ἀνάγνωσιν,
620 1966 738 2062 ἀρετῆς
760 1967 793 2042 δ’
816 1965 858 2040 ori
881 1972 977 2061 πέρι,
999 1967 1085 2042 διότι
1107 1968 1296 2064 ἀνεστράφρ

225 2070 248 2167 ἦ
271 2071 451 2162 πρόθεσις,
472 2074 798 2159 μισοσνλλαβοῦντος
816 2077 877 2144 τοῦ
898 2076 936 2143 δέ
957 2077 1138 2160 συνδέσμου
1159 2075 1218 2142 καὶ
1239 2077 1298 2144 τοῦ

227 2171 332 2246 aiat
346 2173 409 2270 φάρ
422 2172 496 2264 ἑξῆς
516 2174 586 2244 έοτι
606 2175 685 2262 περὶ
707 2171 735 2244 δ’
750 2171 868 2266 ἀρετῆς
888 2169 952 2244 nist
974 2202 1026 2264 ap.
1039 2179 1095 2244 Jo.
1108 2179 1159 2244 ΑΙ.
1174 2183 1230 2262 ¹27,
1242 2183 1294 2246 δέ.

316 2295 392 2362 Sed'·
417 2295 484 2360 duo
515 2304 593 2363 sunt
621 2299 854 2380 grammatici,
897 2299 957 2380 qui
988 2295 1055 2362 hoc
1086 2305 1189 2364 totum
1229 2321 1295 2364 non
1352 2369 1353 2372 ,

229 2399 405 2467 admisisse
426 2397 601 2480 videntur,
623 2387 838 2464 Ptolemaeis
861 2407 896 2465 et
917 2401 987 2484 qui.
1004 2401 1081 2468 aliis
1103 2423 1238 2486 qnoque
1261 2403 1295 2464 in
1352 2415 1353 2457 t

228 2505 339 2582 rebus,
361 2507 399 2566 ut
422 2518 499 2564 mox
519 2490 719 2581 videbimus,
740 2521 817 2566 oum
839 2521 879 2566 eo
899 2503 1015 2580 sensit,
1031 2501 1163 2570 Nicias.
1205 2503 1294 2568 Nam

228 2605 271 2672 ad
299 2605 347 2687 E,
374 2599 436 2672 ³08
458 2592 523 2702 ὦσι
550 2595 580 2667 δ’
609 2596 677 2668 ἀπὸ
700 2600 790 2690 ῥινδν
810 2599 927 2690 τρηχὺς
948 2598 1047 2684 λίθος
1067 2605 1295 2686 Herodianus,
1351 2635 1352 2693 Ι

229 2706 318 2794 quod
331 2705 556 2772 Ptolemaeus
577 2704 723 2770 voluerit
744 2706 1024 2790 praepositionem
1047 2727 1121 2770 curn
1144 2715 1295 2773 retracto

229 2806 562 2890 accenta'proferri,
590 2813 697 2886 vetat,
725 2827 799 2871 cum
822 2801 852 2872 δ’
874 2807 960 2871 ἰΙΙαδ
981 2808 1214 2932 interpositum
1238 2813 1294 2878 sit.
1350 2841 1351 2929 Ι

225 2903 315 2974 Item
339 2908 445 3000 ndK,
467 2909 530 2975 ³35
551 2931 646 2996 κρατι
636 2903 696 2976 δ’
718 2905 776 2976 ini
797 2908 926 2999 κτιδέην
946 2907 1077 3000 κυνέην·
1099 2904 1295 2979 tunneto-

227 3005 319 3096 νίτης
344 3001 558 3095 ἀναστρέφει,
585 3007 640 3076 ἵνα
657 3008 794 3178 φένφφαι
815 3004 872 3077 ἐπὶ
894 3007 1000 3102 κρατί.
1023 3035 1082 3093 οιχ
1101 3007 1210 3098 ὑγιῶς.
1235 3013 1296 3110 μέ·
1349 3033 1350 3060 ³

99 3158 103 3172 ,
229 3134 287 3188 σος
308 3107 368 3198 γὰρ
391 3104 601 3176 πέπτωκεν“
585 3135 603 3174 ο
627 3110 665 3178 δέ
750 3115 834 3189 tlt,
856 3114 898 3185 95
919 3109 1141 3206 τρομέιιδΗ
1123 3113 1191 3183 υπὸ
1214 3113 1297 3205 φαι-

229 3215 310 3297 riano
359 3215 451 3298 poia·
500 3214 606 3289 κακῶς
646 3210 768 3292 Νικέας
810 3207 1025 3303 ἀναστρέφει
1065 3215 1188 3304 μεταξὺ
1232 3213 1349 3307 φάρ

222 3315 402 3384 πέπτωκεν
423 3339 443 3380 ο
430 3306 513 3381 ‘205

312 3435 448 3520 Operae
469 3431 616 3520 pretinm
636 3433 771 3502 videtur
791 3443 925 3518 notare,
948 3459 1046 3524 quam
1063 3439 1296 3526 ridiculequi-

227 3529 304 3604 riam
334 3537 400 3601 hac
431 3536 547 3620 regula
584 3539 679 3602 abusi
708 3539 774 3602 sint
810 3539 854 3616 0,
884 3543 946 3606 lta
967 3531 1062 3618 ὣς
1034 3535 1160 3608 ernoio’
1182 3540 1296 3630 ἵδρυσε
1345 3445 1348 3639 Ι

226 3635 340 3726 θρόνῳ
372 3635 438 3706 ἔνι·
469 3635 507 3704 τὸ
538 3634 648 3722 βίαιον
673 3641 731 3722 τῆς
757 3639 855 3730 ἕδρας
881 3635 902 3730 ἡ
931 3641 1075 3729 διακοπὴ
1096 3643 1201 3730 δηλοῖ.
1224 3643 1296 3712 ἔστι
1346 3655 1347 3682 ¹

225 3739 289 3838 φάρ
310 3736 483 3830 ένίδρνσεν.
505 3739 577 3809 BL.
607 3735 660 3808 διό
682 3763 766 3821 τινες
787 3737 847 3808 oria
869 3737 1068 3832 ἀνέστρεφον
1088 3745 1145 3828 τὴν
1166 3742 1224 3813 ἐνί.
1248 3749 1294 3815 V.

310 3861 466 3946 Denique
506 3861 540 3924 in
580 3861 646 3925 hoc
679 3869 858 3946 praecepto
890 3865 1119 3931 memorabilis
1143 3865 1297 3934 adhibita

229 3964 340 4035 cautio
371 3972 440 4051 est,
471 3984 571 4056 quarn
604 3965 768 4038 discimus
798 3965 841 4036 ab
873 3963 1069 4038 Herodiano
1096 3967 1140 4049 E,
1162 3973 1226 4038 283
1248 3971 1296 4058 τῷ
