2832 4494
1147 275 1224 360 175
1320 339 1323 346 -

129 492 249 555 centes
277 481 418 564 θάλειος
440 485 633 569 linxerunt,
662 489 716 552 sic
738 479 863 574 λίγειαν
885 499 978 564 recte
998 493 1079 576 (pro
1100 481 1222 575 λίχιοι)

127 592 267 659 videtur
290 590 410 655 Corais
423 588 610 653 Heliodoro
633 591 822 656 restituisse
834 591 902 665 111,
926 593 1005 662 ete:
1028 593 1219 680 quaforma

128 699 241 760 utitur
262 679 417 760 Tzetzes
438 694 482 756 ad
503 692 679 778 Lycophr.
702 695 777 760 726.
803 729 841 744 -
856 694 926 760 Sed
937 697 1071 762 etiamsi
1082 699 1160 782 quis
1172 697 1217 762 ad

131 819 207 866 eam
235 797 513 882 explicationem,
545 813 643 879 quam
667 796 703 859 in
725 789 853 862 θάλεια
873 803 910 862 et
930 792 1040 880 λίγεια
1061 819 1128 863 non
1151 800 1220 863 im-

128 897 339 982 probabilem
352 895 519 975 duximua,
532 899 640 960 minus
651 897 878 980 inclinaverit,
891 903 1022 964 tantum
1033 919 1076 966 ex
1088 887 1153 964 hdo
1165 901 1218 964 di·

134 999 327 1082 sputatio'ne
349 1001 544 1082 apparebit,
569 1004 746 1082 utrumque
761 999 967 1089 lemininum
991 1003 1222 1088 insigni'qua-
1273 1040 1276 1055 ι

134 1101 213 1165 dam
240 1107 323 1168 nota
348 1102 549 1184 impressum
580 1120 671 1165 esse:
700 1121 809 1184 eoque
838 1104 949 1169 minus
971 1107 1143 1190 antiquum
1166 1127 1223 1171 ac-

137 1207 275 1268 centum
300 1204 436 1268 incaute
457 1203 566 1268 fuisse
587 1203 624 1266 in
646 1205 872 1283 suspicionem
886 1205 1088 1273 vocandum.
1122 1207 1224 1284 Qirod

135 1309 174 1371 in
201 1301 309 1390 λίγεια
338 1305 424 1370 fecit
451 1305 628 1389 Reisigius
656 1307 699 1369 ad
728 1306 817 1370 Oed.
846 1307 919 1374 Col.
944 1329 977 1374 v.
1001 1311 1074 1376 671.
1120 1289 1225 1376 Ράλει

139 1407 297 1493 profecto
318 1409 560 1492 grammaticos
582 1409 618 1472 in
640 1406 696 1474 his
718 1431 881 1490 quaerere
904 1431 1039 1503 causas,
1068 1433 1136 1477 non
1157 1413 1224 1478 fin-

137 1531 223 1594 gere
255 1530 344 1574 rem:
378 1521 412 1575 et
443 1511 572 1594 poterit
597 1509 664 1575 hoe
690 1532 773 1596 prae
794 1513 873 1578 aliia
896 1515 1013 1582 multis
1034 1516 1226 1598 exemplum
1328 1575 1336 1608 ,

139 1634 229 1693 esse,
263 1611 355 1698 quod
389 1611 466 1677 dixi
497 1613 540 1676 in
566 1613 768 1678 Aristarcho
795 1635 827 1698 p.
850 1610 930 1691 271,
957 1637 999 1682 ne
1021 1618 1056 1680 in
1081 1621 1225 1700 poeticis

140 1716 277 1799 quidem
305 1716 482 1780 vocabulis
505 1723 680 1780 accentum
704 1721 738 1780 in
761 1719 1057 1802 grammaticorum
1084 1722 1225 1808 libidine

136 1817 261 1900 fuisse,
288 1817 351 1884 scd
378 1817 486 1884 fuisse
507 1819 543 1882 in
566 1818 621 1919 hie
643 1841 778 1906 qnoque
800 1820 968 1906 quandam
991 1823 1223 1891 traditionem.

88 1953 102 1992 Ι

223 2072 279 2138 De
308 2065 444 2155 ε’λάχεια
470 2075 586 2141 omnia
613 2079 746 2141 incerta
772 2081 850 2142 sunt
878 2082 1016 2164 praeter
1035 2084 1223 2144 accentum.

137 2175 185 2240 V.
212 2177 518 2242 Grammaticorum
551 2181 747 2244 testimonia
768 2187 868 2246 antea
889 2181 1003 2246 allata.
1047 2182 1236 2247 inveniann

139 2277 254 2360 hymn.
279 2279 392 2367 Apoll.
414 2281 486 2346 197.
510 2279 588 2346 Νἰα.
611 2280 718 2348 Ther.
742 2283 817 2348 324.
843 2282 1131 2368 Oppiancyneg.
1156 2282 1222 2366 lll,

135 2382 210 2448 480.
233 2375 381 2468 (ἐλαχείῃ
402 2381 553 2466 Euphor.
576 2405 608 2466 p.
631 2386 698 2460 63).
743 2381 887 2449 Nonnus
909 2405 953 2447 ex
974 2387 1142 2454 industria
1164 2388 1235 2451 ad·.
1267 2411 1273 2428 ·

132 2485 254 2548 scivit:
287 2483 337 2562 ll,
371 2485 445 2550 668.
479 2484 606 2567 XVII,
634 2489 688 2552 62.
711 2485 844 2568 XXV,
871 2488 1045 2555 amuel.
1067 2487 1214 2570 XXVI,

137 2582 1222 2676 315certaFallrenburgiiemendationeexildpethXXVll,

135 2691 211 2756 314.
235 2687 461 2766 XXXVIII,
483 2690 515 2754 7.
537 2689 663 2772 XLII‘,
688 2693 759 2758 137.
782 2690 921 2770 XLVI,
952 2692 1025 2758 329.
1048 2691 1223 2782 XLVIII,

136 2794 212 2858 475.
257 2791 428 2856 Pecoatur
449 2791 604 2864 hicillic
625 2785 767 2873 ἔλαχεῖα.
810 2793 1039 2858 Masculinum
1062 2795 1224 2860 Callima-

139 2891 225 2959 chus
247 2893 383 2957 dixerat
404 2888 540 2977 ἕλαχός,
563 2894 608 2959 fr.
632 2895 867 2972 CCCXLIX,
890 2889 991 2977 ἕλἀχύ
1012 2891 1224 2984 σκάφοςλη·

137 2997 199 3080 tip.
223 2995 342 3062 Sidon.
366 2994 460 3061 CVI.
484 2997 539 3063 Cs.
562 2993 803 3084 ἐλαχυπιέρυξ,
825 2999 974 3064 Pindari
998 3004 1223 3085 compositum

138 3097 243 3183 Pyth.
268 3097 339 3180 lV,
364 3101 414 3165 17.
445 3133 488 3148 ·-
512 3101 611 3186 Apud
634 3103 819 3166 Homerum
841 3126 872 3184 ι,
900 3105 981 3184 116,
1011 3126 1048 3185 κ,
1074 3103 1224 3172 509116-

136 3209 303 3284 ctuatum,
327 3205 363 3266 ut
385 3207 532 3280 constat,
555 3202 647 3269 iuter
667 3197 802 3284 ἐλάχεια
824 3212 859 3272 et
880 3198 1009 3289 λάχεια.
1061 3264 1064 3270 ,

596 3422 768 3440 m
