2688 4520
209 169 214 198 ,

161 230 190 310 o
770 340 795 397 s·-

160 433 326 520 Delphini
353 413 524 500 amoribus
552 429 764 498 historiolam
801 428 854 494 aio
882 429 1143 498 exorsus'eratr
1164 425 1245 508 „rui

161 527 262 618 αὐτὸς
288 539 317 604 δ’
347 526 405 604 οὖν
437 523 527 602 εἶδον
553 529 631 622 napi
657 527 877 624 Δικαιαρχίαν
898 567 936 584 -
960 525 1065 614 (Geli.
1088 529 1172 614 vir,
1188 531 1246 609 Β).

161 641 209 706 Et
237 641 374 706 viderat
400 639 476 704 siue
506 635 609 702 dubio
633 637 754 717 multa,
784 636 844 724 qul
866 637 988 702 multas
1011 643 1122 700 terras
1145 631 1245 698 vide·

128 756 131 766 “
162 751 230 827 rat,
260 741 362 806 homo
386 743 557 807 curiosuss
579 747 727 804 attamen
750 738 831 817 iam,
851 729 993 824 opinor','
1019 741 1104 804 satis
1126 736 1249 822 cogni-

160 855 231 910 tum
261 845 421 914 habemus
450 839 540 910 huno
566 841 821 922 ventilatorem,
848 861 912 908 nec
944 830 1135 926 putabimus
1158 838 1248 903 reli-

159 949 252 1034 gioni
283 950 316 1012 ei
343 947 450 1016 fuisso
473 963 707 1030 nonuunquam
730 945 830 1009 etiam
853 943 1030 1016 oculorum
1052 943 1248 1009 staurium

160 1071 295 1115 suarum
318 1049 554 1124 auctoritatem
576 1047 743 1126 currentiri,
766 1053 803 1114 ut
825 1045 868 1110 de
890 1067 927 1111 se
950 1047 1024 1132 ipse
1042 1045 1247 1131 loqueretur·

160 1159 195 1218 et
209 1175 250 1219 eo
268 1155 373 1236 magis
389 1152 432 1218 ad
445 1149 701 1216 admirationem
715 1151 861 1233 erigeret
871 1148 1081 1215 audientium
1095 1152 1246 1232 animost.¹

160 1256 220 1322 Sic
248 1257 291 1320 de
320 1255 401 1320 ludo
429 1251 656 1334 calculorum,
688 1272 755 1336 quo
785 1257 925 1316 utuntur
947 1255 1043 1338 proci
1065 1253 1097 1316 in
1120 1249 1244 1338 Odys-

159 1377 234 1438 sea,
271 1357 333 1422 illa
362 1353 473 1440 le'pide
495 1353 621 1420 callida
649 1353 845 1438 proterens,
872 1373 911 1419 aa
939 1356 1050 1440 qualis
1074 1354 1179 1420 luerit
1201 1355 1243 1418 in

158 1460 233 1542 ipsu
256 1456 374 1523 lthacu
395 1455 574 1522 actesoue
596 1455 733 1520 audisse
756 1455 938 1521 enarrabat
959 1455 1126 1530 (sirefuit
1145 1453 1246 1521 ltlra·

158 1580 220 1626 cae
248 1563 322 1626 sive
350 1581 417 1626 non
445 1559 529 1640 suit,
555 1559 630 1626 slve
657 1558 768 1624 audiit
793 1559 869 1624 sive
890 1579 957 1622 non
979 1553 1113 1637 audiit).
1155 1555 1244 1624 Non

156 1666 254 1730 novit
274 1663 394 1747 volgus
418 1661 615 1748 laurinum„
628 1681 690 1744 neo
712 1657 794 1748 quid
816 1657 920 1726 hodio
943 1659 1006 1725 liat
1026 1659 1244 1746 observavit,

160 1767 220 1852 qui
254 1765 339 1832 talia
359 1763 616 1829 admirationem
650 1769 683 1826 et
717 1764 869 1848 plausum
902 1765 1058 1828 excitare
1090 1769 1125 1828 et
1150 1782 1242 1829 vero

157 1869 259 1932 ctiam
298 1865 448 1931 fidem
439 1865 602 1958 iuvenire,
636 1867 791 1952 quamvis
823 1866 892 1932 sint
923 1866 1056 1941 inania,
1090 1865 1241 1934 dubitet.

155 1971 268 2052 Apion
291 1968 425 2056 quidem
448 1967 648 2053 prudentior
669 1973 744 2033 erat
771 1973 805 2034 et
830 1967 915 2032 illud
944 1968 1065 2052 vulgus
1093 1976 1242 2034 noverat

154 2071 285 2136 melius
334 2072 381 2138 Et
408 2069 474 2135 hoo
501 2091 602 2135 unum
626 2075 784 2135 testatum
806 2069 954 2152 taceret,
984 2071 1049 2135 nisi
1072 2073 1157 2159 satis
1179 2091 1243 2137 su-

154 2195 280 2262 perque
302 2173 523 2257 undecunque
545 2173 708 2254 eluceret
736 2193 779 2237 ne
800 2171 868 2240 hoc
889 2173 1027 2298 quidem
1046 2153 1241 2262 Josephum

153 2277 245 2344 nitra
266 2275 303 2344 id
324 2275 416 2360 quod
438 2295 554 2340 verum
578 2281 630 2340 est
653 2273 893 2380 dixissemus
915 2269 1031 2364 „nupsi
1055 2269 1242 2343 ndrroadv

151 2343 1136 2464 piovdxtayoyorysyovtm“contrasp11,r.1ttutt0
1164 2401 1241 2447 me-

153 2481 221 2550 lros
249 2480 428 2548 hominis
419 2479 597 2566 imaginem
620 2477 865 2565 percipiemus,
892 2479 949 2545 ubi
973 2503 1047 2551 eum
1071 2503 1137 2548 noa
1160 2489 1238 2550 tam

151 2553 355 2651 scribentem
377 2587 591 2669 (quamquam
615 2581 701 2647 idem
726 2602 797 2647 mos
820 2589 854 2649 et
876 2585 1011 2668 eaedem
1035 2587 1160 2671 partim
1175 2606 1239 2653 res

140 2691 341 2753 ‘transibant
363 2688 398 2752 iu
419 2686 561 2771 scripta)
584 2700 682 2770 quom
705 2685 749 2749 ad
771 2686 956 2768 auditores,
980 2696 1017 2753 ut
1039 2687 1153 2754 facore
1175 2707 1237 2752 so.
1339 2693 1340 2718 ¹

151 2788 252 2870 lebet,
276 2789 319 2852 de
340 2789 491 2854 Homero
503 2789 748 2853 declamantem
760 2794 793 2852 et
804 2787 985 2856 Homerum
999 2789 1233 2875 explicantem

153 2889 322 2973 fingimus.
373 2893 508 2970 Etenim
539 2890 582 2956 ad
605 2889 672 2954 hoc
692 2897 798 2982 totam
821 2890 998 2956 Graeciam
1023 2874 1234 2978 peragravit.

148 2991 242 3066 (Seu.
277 3013 329 3078 ep
363 2993 430 3070 88).
478 2991 557 3062 Jam
573 2993 694 3063 oculis
721 2995 805 3058 meis
832 2993 933 3060 uideo
962 2995 1129 3062 hominem
1161 2995 1236 3063 hoo

147 3094 251 3162 modo
274 3094 536 3164 declamantemr
565 3093 770 3172 „Homerum
802 3099 946 3182 utraque
973 3101 1115 3192 materia
1144 3119 1233 3164 con-

146 3203 323 3280 summota,
342 3195 500 3282 Odyssea
523 3203 557 3260 et
568 3195 689 3277 Iliade,
712 3197 915 3282 principium
938 3175 1107 3264 adiecisse
1127 3204 1230 3285 operi

47 3331 48 3334 ¹
146 3299 661 3384 suo,quobellum'1'roianum
684 3301 990 3392 complexosest‘t
1032 3301 1080 3368 m
1101 3301 1230 3394 anulus
1339 3287 1340 3312 ¹

145 3404 197 3468 rei
218 3412 446 3488 argumentum
468 3404 676 3488 offerentem,
699 3403 790 3490 quod
812 3405 895 3470 duas
917 3403 1074 3472 litteras
1065 3407 1228 3490 reprimo

145 3519 247 3570 uersu
271 3507 440 3592 posuisset
460 3525 504 3572 ex
525 3505 693 3578 industria
714 3507 878 3574 librorum
901 3527 1035 3572 suorum
1049 3488 1226 3576 numerum

143 3611 386 3680 continentes.“
417 3607 497 3713 kSc.
525 3607 600 3680 ΜΗ
626 3609 650 3679 i·
679 3631 707 3680 o·
737 3599 953 3705 vafflp.
993 3611 1135 3700 Stupeut
1163 3631 1225 3687 au·

141 3789 367 3814 Μ

209 3911 234 3977 *l
252 3909 315 3970 Hoc
335 3915 459 3975 reterens
482 3916 589 3976 Seneca
606 3915 626 3975 Ι.
649 3917 671 3979 Ι.
694 3915 780 4002 utitur
797 3917 975 3992 imperfecto:
995 3919 1087 3993 Apion
1108 3898 1139 3967 -ss
1157 3919 1222 3978 aie-
