2688 4520
1013 293 1016 312 '
1050 346 1057 356 ·
1180 327 1237 382 vrr

129 540 217 592 nos
246 515 374 590 adhue
406 527 458 590 'ea
490 501 741 615 simplicitate
763 531 916 594 'morum
940 519 1147 593 ‘uteremur
1172 531 1237 592 ea·

132 663 229 738 que
269 633 467 710 hilaritate
505 635 641 729 animi,
661 617 749 733 ,qua
774 637 870 714 olim
896 638 937 714 in'
958 635 1238 738 Carnip'rivi'o·
1266 631 1273 640 ’

3 781 5 800 *
135 783 236 833 rum
274 755 439 830 ludicris
477 753 604 830 Deum
635 754 761 854 ipsum
786 757 828 830 in
853 779 1022 837 scenam·
1037 749 1236 858 prodeun-

138 889 229 954 tem
244 873 481 975 spectabant,
509 889 642 974 posset
654 875 792 974 aliquis
805 876 978 975 lepidam
992 875 1235 954 comoediam

131 1009 395 1097 componere
409 995 463 1070 de
489 995 577 1070 Deo
603 1021 624 1070 a
650 994 803 1074 critica,
823 996 897 1072 sibi
923 998 1099 1098 timente.
1152 995 1237 1072 Sed

133 1126 241 1194 sunt
277 1116 397 1190 etiam
435 1115 504 1214 qui
543 1113 701 1190 humani
728 1117 884 1214 generis
910 1141 1096 1215 proceres
1124 1107 1268 1217 quasi*

130 1261 189 1312 ae
224 1237 419 1336 primores
452 1237 547 1310 item
582 1235 849 1335 superstitiose
876 1234 1023 1330 colant,
1049 1237 1233 1314 vidimus·

133 1381 229 1456 que
265 1355 333 1455 qui
364 1354 496 1430 Wolfii
531 1379 619 1430 ausa
649 1379 730 1430 non
755 1355 862 1453 quod
888 1366 1061 1432 erratum
1089 1357 1236 1434 scireut

133 1477 218 1552 sed
259 1473 364 1573 quod
391 1473 597 1599 piaculum
631 1473 831 1550 admissum
858 1484 1045 1574 putarent
1070 1477 1239 1576 perhor-

133 1607 359 1673 rescerent.
424 1593 493 1670 Est
517 1593 641 1693 igitur
667 1593 772 1692 quod
800 1594 1010 1692 gaudeam,
1044 1596 1112 1696 qui
1138 1598 1237 1676 mihi

133 1741 253 1792 name
282 1713 562 1814 discerpendus
573 1713 660 1806 fuit,
686 1711 899 1790 Hesiodum
915 1715 1022 1806 (nam
1048 1724 1161 1794 taceo
1181 1718 1237 1794 da

130 1836 403 1928 Manethone,
429 1833 666 1933 proletario)
680 1829 729 1906 ad
755 1831 921 1931 primam
948 1844 1060 1911 certe
1073 1837 1234 1920 classem

126 1957 342 2056 adspirare
379 1979 458 2028 non
504 1951 645 2028 videri.
710 1951 820 2026 Haec
859 1964 987 2030 nostra
1023 1982 1082 2032 ars
1108 1935 1234 2056 qualis

129 2075 330 2154 exstitura
357 2086 459 2150 esset
477 2072 674 2173 praescius
703 2071 825 2146 futuri
841 2071 1034 2180 divinavit
1049 2077 1235 2177 Orpheus

127 2221 268 2295 eaque
306 2195 447 2286 sabula,
473 2217 587 2292 quam
616 2191 668 2265 de
710 2191 861 2290 Zagreo
900 2194 1092 2301 ephibuit,
1121 2197 1232 2276 *scita

125 2313 475 2418 praemonstravit.
541 2312 635 2387 Nam
669 2310 850 2405 Titanes,
877 2337 898 2388 a
924 2314 1135 2392 cruciando
1160 2342 1230 2394 ve·

127 2434 348 2532 xandoque
370 2421 494 2526 dicti,
535 2431 695 2531 Zagrea,
733 2432 868 2508 vivum
895 2425 1057 2532 corpus,
1083 2437 1229 2516 dilace-

125 2565 249 2644 rant,
287 2579 359 2628 eor
397 2564 525 2628 autem
551 2563 802 2650 mentemque
828 2551 1075 2652 relinquunt:
1101 2556 1228 2655 μούνην

130 2679 177 2750 δὲ
200 2675 345 2769 κραδίην
367 2674 624 2768 νοερὴν,λι’πον;
651 2671 757 2770 quod
783 2671 966 2772 proditur
999 2672 1147 2754 diserte
1162 2679 1228 2756 ,sa-

128 2807 249 2870 ctum
288 2820 371 2887 esse
407 2796 556 2890 προνοίᾳ
576 2801 636 2884 τῆς
653 2793 818 2887 Ἀθηνᾶς,
856 2791 883 2866 i.
923 2817 956 2869 e.
995 2817 1071 2898 pxer
1102 2803 1228 2880 artem

125 2914 328 2992 criticam.
392 2915 568 2992 Hesiodo
603 2939 674 2992 cor
698 2923 948 3010 mentemque
974 2937 1053 2988 non
1079 2925 1226 2996 tautum

124 3035 322 3112 relictum
362 3055 445 3110 esse
485 3035 677 3128 arbitror,
717 3033 788 3110 sed
825 3043 928 3108 nunc
967 3031 1121 3110 demum
1151 3037 1225 3114 ille

122 3157 287 3233 animus
326 3155 478 3231 laetius·
505 3180 547 3230 se
588 3153 734 3227 efferre
772 3151 885 3228 visus.
938 3149 1029 3244 Sic,
1055 3151 1222 3255 inquam,

123 3273 235 3352 mihi
259 3276 382 3352 visum
410 3286 487 3350 est:
515 3273 668 3348 facilem
695 3272 875 3370 profecto
902 3269 1149 3372 docilemque
1161 3276 1221 3353 in.

121 3393 317 3485 venient,
344 3393 567 3493 quicunque
593 3391 693 3466 mihi
711 3391 944 3481 rationibus,
969 3415 1047 3464 non
1060 3393 1221 3494 religio.

121 3515 249 3590 nibus
273 3513 592 3588 adversabuntur.
645 3512 745 3588 Sunt
771 3510 872 3584 enim
920 3519 1083 3607 praeter
1129 3512 1221 3591 illos

1 3691 2 3712 1
118 3635 208 3712 alio
237 3632 350 3707 modo
378 3632 658 3731 superstitiosi,
684 3629 935 3704 traditionem
960 3626 1105 3703 litteris
1126 3655 1219 3710 cona

112 3757 311 3829 firmatam
362 3751 666 3852 opinionemque
714 3760 892 3848 tempore
934 3747 1223 3834 corroboratam

118 3873 300 3950 omnium
336 3871 607 3946 sanctissimum
646 3879 762 3969 atque
798 3863 1125 3967 religiosissimum
1150 3871 1217 3948 ha.

121 3995 292 4084 bentes,
318 3989 564 4094 immemores
588 3989 668 4085 illi,
695 3991 886 4080 Aeonem,
917 4008 1032 4085 quem
1056 3985 1215 4070 Nonnus
