2736 4486
1129 287 1205 364 llil

106 487 176 555 τῶν
197 482 398 556 διαλέκτων·
419 477 595 580 ὑψιπέτας
614 481 680 574 γὰρ
707 475 870 575 addita!
924 487 972 560 Et
1003 489 1113 558 tenuit
1134 487 1203 557 hoc
1249 534 1254 540 ·

112 591 190 657 aine
216 589 320 656 dubio
347 589 384 655 in
411 591 622 658 nominativo
648 590 739 674 apud
760 596 878 676 poetas
899 593 1079 680 antiquos,
1108 597 1146 660 ut
1166 595 1204 660 io

111 695 177 760 illo
209 691 385 760 Hesiodeo
412 683 460 772 ὣς
480 686 577 781 ἔφατ’
601 687 775 782 ὠκυπέτης
795 689 891 784 ἴρηξ,
914 694 980 780 Op.
1002 699 1078 764 210.
1100 733 1143 748 -
1164 698 1205 766 Si

109 795 250 879 quaudo
270 795 394 862 tertiae
416 794 658 878 declinationis
680 791 821 862 fuerunt
845 817 890 862 an
912 795 1056 866 eundem
1079 820 1201 868 accen·
1224 829 1229 847 x

113 909 187 962 tam
207 895 378 960 tenuerint
404 891 471 958 hoc
496 899 562 966 ¹trix
589 899 684 964 effici
707 894 837 981 poterit
847 889 892 970 *).
935 891 1071 956 Vereor
1092 897 1206 960 tamen
1243 959 1249 964 .

113 1015 160 1063 ne
181 1015 250 1062 nou
270 995 320 1062 lte
340 997 398 1062 sit.
443 993 532 1060 Nam
554 989 647 1076 quod
677 990 878 1058 Eustatlrius
901 989 945 1057 do
966 989 1206 1082 ττροττέτηςᾱί.

115 1101 186 1182 cit,
208 1095 277 1164 hoc
303 1097 463 1164 admonet
489 1094 723 1161 memorabilis
753 1091 822 1158 loci
844 1091 934 1178 apud
956 1093 1094 1161 Tnetz'„
1110 1093 1204 1164 Chii.

118 1199 203 1276 vll,
224 1197 306 1265 hist.
330 1201 410 1281 128,
433 1200 490 1264 ubi
512 1199 606 1264 illam
628 1194 916 1280 significationem
937 1195 1096 1263 vocabuli
1117 1219 1225 1286 orpo-x

113 1322 236 1389 ττοτης,
265 1321 366 1388 qnam
393 1299 595 1370 Eustathios
617 1299 761 1382 iudicat,
784 1298 827 1362 ab
849 1297 969 1366 aribus
990 1298 1086 1366 ducit
1107 1317 1208 1388 prae·
1231 1293 1234 1300 “

114 1408 249 1470 mature
270 1401 475 1470 rotantibus.
524 1402 600 1468 llos
621 1401 721 1468 alites
1044 1477 1050 1488 ,

203 1498 343 1582 τούτους
379 1501 557 1594 προπέτας
592 1501 728 1596 λέγουσα
762 1497 821 1572 καὶ
856 1505 1039 1593 προπετεῖς
1077 1495 1207 1591 ὅμοέιος

116 1629 151 1676 v.
173 1610 260 1692 268,
294 1607 563 1674 declinationem
597 1605 700 1673 simul
724 1609 868 1672 accentu
890 1607 1117 1694 distinguens,
1140 1628 1206 1676 nec
1308 1641 1343 1706 ,κ

113 1717 170 1780 cat
201 1731 265 1780 cur
294 1729 329 1777 v.
355 1711 424 1778 269
449 1715 484 1776 et
512 1711 576 1779 271
603 1707 727 1775 ubido
753 1707 946 1782 hominibus
968 1703 1203 1798 προγλώοοοις

116 1813 205 1880 dicit
231 1807 405 1900 προπέτης
432 1817 527 1888 [nam
554 1803 728 1899 προπετές
752 1810 957 1898 Kiesslingii
978 1833 1096 1880 errore
1118 1814 1206 1880 scri-

117 1923 213 2002 ptum
246 1934 367 1981 versus
398 1915 545 1999 respuit,
582 1917 622 1980 ut
653 1913 785 2000 comsit
817 1911 976 1982 Struvius
1007 1935 1043 2000 p.
1070 1917 1151 1992 1⁰5)
1171 1919 1209 1982 ot

116 2015 292 2107 πραττέτην
312 2015 356 2082 de
378 2017 447 2083 alia
468 2015 694 2082 declinatione
716 2030 817 2101 qnam
840 2017 884 2081 de
905 2017 1018 2100 primu
1038 2019 1208 2101 cogitasse

119 2127 286 2208 putemus.
340 2119 431 2202 Alii,
461 2125 495 2186 et
526 2119 651 2204 opinor
677 2120 908 2204 antiquiores,
931 2113 1104 2208 ποοπττής
1125 2113 1208 2210 ἀνήρ

117 2246 140 2290 a
160 2215 369 2312 προπέαττιν
390 2221 552 2288 ducentes
571 2225 622 2297 (v.
643 2219 814 2306 diospoli„
837 2223 955 2305 zon),
967 2243 1034 2288 non
1047 2226 1207 2310 poterant

114 2323 298 2390 admittere
320 2325 386 2390 nisi
409 2317 597 2413 προπττῆςς
628 2320 711 2390 hinc
732 2324 934 2392 Eustathiua
957 2325 1045 2390 dicit
1068 2319 1204 2404 „tlroat‘

116 2425 298 2512 Significat
319 2434 429 2492 eutem
453 2423 627 2518 deinceps,
649 2425 866 2507 distinguere
881 2421 1206 2512 uoluissequosderd

113 2531 206 2596 inter
226 2525 400 2617 προπέτης
421 2522 504 2618 ἆτὴρ
526 2535 562 2595 et
582 2525 772 2620 προπατήςτ
794 2529 839 2596 de
860 2551 930 2616 qua
951 2529 1204 2598 reconferendi

115 2631 270 2699 Taetzes
290 2631 314 2698 l.
338 2631 361 2696 1.
384 2635 420 2698 ot
440 2625 629 2699 Phavorin.
664 2631 769 2700 Unde
789 2632 857 2700 hoc
877 2632 953 2699 lere
974 2651 1034 2700 eos
1054 2633 1206 2699 voluisse

113 2735 259 2818 colligor
295 2731 470 2824 προπέτης
503 2726 586 2820 ἀνήρ
622 2734 817 2822 importune
847 2733 992 2822 loquax}
1033 2726 1235 2826 προπετές·

115 2818 248 2918 addara,
272 2851 467 2921 protervum
490 2836 534 2904 de
554 2838 671 2921 lingua
692 2839 781 2904 enim
805 2837 1038 2924 metaphoram
1062 2861 1083 2906 a
1104 2835 1205 2904 ntro·

114 2962 181 3024 ματ
206 2940 319 3024 aptius
344 2939 529 3016 ducebant,
556 2938 705 3008 fortuma
734 2940 777 3008 de
798 2940 900 3008 alatis
920 2943 1037 3008 verbis
1057 2941 1205 3008 Homeri

92 3041 324 3126 ,cogitantem
350 3043 464 3108 audax
489 3040 591 3108 homo
621 3043 831 3110 commodius
859 3046 955 3110 visus
983 3044 1055 3110 dici
1076 3035 1096 3111 ὅ
1117 3067 1205 3132 προ.
1234 3031 1240 3041 ’

114 3139 253 3212 πέπτατο
273 3164 323 3211 so.
355 3145 416 3230 τῆς
445 3136 588 3227 τάξεως,
628 3165 673 3211 ex
717 3147 791 3212 acie
824 3165 1055 3232 prorumpens.
1103 3147 1203 3214 Haec

116 3246 233 3312 omnia
251 3247 405 3312 nimium
439 3254 600 3332 quantum
633 3245 850 3332 Byzantinos
883 3249 1058 3326 redolent,
1091 3253 1128 3314 et
1158 3269 1203 3318 ne

115 3348 207 3435 apud
232 3345 296 3414 lios
323 3349 461 3434 quidem
488 3349 632 3416 firmum·
645 3347 753 3418 fuisse
775 3363 818 3417 ex
839 3349 1039 3432 Eustatlrio,
1066 3349 1203 3419 Taetza

115 3451 193 3536 (qui
218 3451 353 3516 omnino
375 3450 413 3516 id
433 3452 656 3542 vocabulitde
678 3453 865 3520 audacibus
887 3461 922 3527 et
942 3453 1116 3540 protervis
1136 3451 1202 3518 ud-

114 3551 228 3652 hiberi
249 3558 355 3634 uetat)
377 3559 413 3626 at
433 3553 632 3624 Phanorino
654 3555 792 3624 collatis
813 3559 919 3642 patet.

114 3715 340 3740 *aaa

181 3809 210 3872 *l
224 3805 347 3878 έψοιετῆ
376 3805 470 3880 Antip.
496 3805 559 3867 sia.
583 3807 640 3866 GV.
661 3809 825 3881 Apollonid.
843 3811 925 3866 x1v.
961 3808 1019 3866 Sed
1037 3811 1199 3878 τηιοοέτευς
1240 3834 1245 3844 ·

113 3909 160 3966 ap.
178 3895 294 3950 moden
312 3893 534 3964 Apollonidllt
551 3894 680 3960 έξοοττεῖ
694 3895 758 3952 loco
776 3905 805 3954 nt
822 3895 934 3953 ridetur
951 3913 989 3952 ox
1007 3903 1091 3970 poeta
1108 3897 1198 3966 petito

1 4045 3 4053 k
112 3979 209 4038 Senot
227 3981 281 4036 0d.
299 3999 332 4050 y,
348 3985 410 4044 3¹12.

928 4074 967 4136 11

151 4257 165 4316 l
