2736 4486
214 203 349 284 ro.

211 402 390 498 Μεσσήνην
432 404 562 492 εἵλομεν
598 407 736 494 Tyra).
777 408 838 478 sed
870 407 956 492 hoc,
998 428 1065 476 non
1109 397 1277 478 retrahere

214 521 398 580 accentum.

298 681 366 748 His
396 679 518 766 igiter,
551 699 638 768 qnae
669 677 830 746 hactenns
860 679 1050 764 attulimus,
1080 679 1278 746 testimoniis

213 785 349 851 coliatie
370 784 405 848 in
427 805 467 850 eo
487 781 644 848 videntur
664 801 778 847 omnes
799 784 1027 869 conspirasse,
1052 791 1089 848 ot
1111 785 1279 868 praeposi·

213 889 324 954 tiones
350 887 452 952 trium
481 903 649 950 morarum
671 889 829 950 accentus
851 885 1045 950 traiectioni
1067 880 1278 970 exciperent:

216 989 277 1053 sed
310 988 353 1055 de
380 987 687 1072 praepositionibus
719 979 776 1052 dod
808 989 844 1051 ct
877 977 938 1051 dod
964 975 1118 1051 nonnulii
1139 991 1180 1051 ab
1200 988 1282 1051 Ari-

215 1089 343 1156 starchi
369 1089 533 1156 sententie
560 1088 773 1156 recedebant.
817 1089 910 1154 liiod
929 1109 1027 1163 vero,
1054 1089 1146 1173 qnod
1168 1091 1200 1153 in
1221 1091 1279 1154 Et.

213 1192 263 1259 Μ.
285 1193 408 1276 legitor
429 1211 462 1274 p.
489 1193 558 1270 123,
579 1191 632 1256 no.
650 1184 745 1270 ἰςέον
767 1183 819 1256 ὅτι
840 1185 962 1260 ἐκτῶν
983 1185 1188 1274 δισυλλάβων
1198 1213 1283 1276 προ-

212 1291 343 1362 θέσεων
363 1289 461 1360 πέντε
482 1285 541 1356 οὐκ
563 1283 818 1378 ἇναςρέφονται·
842 1285 877 1358 αἳ
898 1288 936 1359 dd
955 1289 1073 1358 λοιπαὶ
1084 1285 1282 1380 ἆναςρέφον-

214 1410 288 1462 ται·
311 1387 371 1459 οὐκ
391 1387 614 1480 ἆναςρέφεται
635 1383 656 1479 ἢ
678 1385 751 1470 iod,
772 1386 794 1482 ἡ
817 1386 889 1469 διά,
911 1385 933 1480 ἦ
955 1385 1096 1482 κατά,ἧ
1120 1389 1208 1481 ἀμφὶ
1227 1389 1280 1457 καὶ

214 1489 237 1584 ἦ
271 1491 364 1583 περί,
397 1495 464 1560 hoc
496 1495 602 1578 igitar
632 1513 701 1558 non
727 1513 861 1580 possum
888 1493 972 1560 mihi
994 1497 1197 1580 persuadere
1218 1515 1282 1558 noo

214 1605 409 1684 corruptum
432 1618 517 1663 esne.
560 1596 646 1665 Nam
668 1599 809 1680 nequis
831 1595 920 1662 sorte
940 1583 1085 1678 sentiat,
1109 1599 1284 1682 praeposi-

213 1702 302 1767 tioni
330 1696 410 1788 περί
429 1702 472 1764 ab
492 1699 606 1784 atiquo
626 1699 846 1781 grammatico
865 1699 1020 1766 stabilem
1043 1699 1158 1764 daturo
1179 1699 1284 1766 saissa

214 1809 406 1880 accentum,
433 1821 475 1866 ne
504 1819 578 1866 com
608 1797 703 1888 πέρι,
725 1801 815 1885 quod
837 1805 925 1866 esset
945 1821 1007 1884 pro
1030 1796 1177 1890 περίεςι,
1205 1821 1286 1866 con·
1348 1825 1350 1852 ι

214 1903 424 1988 funderetur,
443 1903 553 1968 obstet
564 1902 653 1987 quod
670 1901 833 1967 eiusmodi
844 1902 1021 1967 distractio
1032 1903 1068 1966 in
1083 1904 1175 1968 nulia
1187 1923 1286 1984 prae
1349 1947 1350 1954 ι

214 2007 387 2093 positione
397 2005 491 2070 sacta
502 2009 568 2068 ectr
582 1995 666 2086 perd
678 2003 765 2067 enim
778 2010 813 2070 et
824 2027 917 2090 παρα
907 1998 963 2070 'ct
974 1999 1034 2071 ἐπί
1044 1997 1107 2070 ct‘
1089 2028 1158 2070 orco
1148 1999 1286 2068 'cadem

214 2106 526 2172 circumscribendo
556 2109 652 2169 orent
685 2105 816 2189 regnier
849 2118 883 2170 et
907 2109 939 2172 si
964 2107 1042 2192 quis
1063 2107 1200 2172 omnino
1222 2107 1289 2169 tate
1349 2145 1350 2201 p

217 2209 301 2295 quid
326 2206 485 2289 audebat,
515 2207 661 2271 omniurn
682 2207 819 2271 minime
842 2210 1006 2292 poterat'
996 2231 1031 2274 ιιι
1054 2229 1094 2274 ee
1115 2209 1289 2294 praeposi-

214 2315 324 2392 tione,
347 2329 433 2393 qnae
455 2312 488 2374 in
510 2310 584 2394 ipsa
605 2309 757 2374 cretione
771 2329 872 2393 prosa
893 2310 1089 2395 saepissime
1100 2319 1201 2396 atque
1214 2312 1287 2374 iera

166 2455 172 2464 -
216 2413 289 2478 sola
316 2412 539 2477 inversionem
561 2415 735 2496 pateretur
746 2411 790 2489 i).
831 2411 989 2496 Denique
1014 2415 1048 2477 in
1068 2413 1291 2497 iiioEtymo·

216 2514 321 2599 logici
355 2513 431 2579 loco
458 2511 548 2598 qnod
569 2514 612 2577 ad
635 2510 878 2578 defendendam
900 2515 1185 2599 praepositionem
1206 2505 1291 2608 soei

215 2618 334 2684 afferri
357 2617 464 2703 possit
486 2614 571 2678 nihil
593 2621 656 2679 est.
685 2614 836 2698 ‘Diserte
857 2612 911 2680 his
932 2617 1065 2682 voculis
1086 2615 1292 2699 anastrophe

211 2721 375 2784 'tribuitur
397 2715 553 2802 Apellen.
575 2721 665 2800 synt.
689 2737 720 2796 p.
743 2718 817 2784 305.
839 2717 913 2783 308.
937 2717 1062 2784 Arcad.
1084 2739 1116 2802 p.
1141 2718 1213 2782 18⁰.
1232 2719 1292 2782 Et.

216 2821 267 2888 Μ.
289 2843 321 2905 p.
344 2822 417 2886 12³.
438 2821 491 2886 34.
514 2821 566 2885 41.
590 2839 622 2902 p.
644 2817 704 2898 94,
727 2819 777 2882 14.
803 2837 836 2902 p.
857 2820 911 2898 42,
932 2823 984 2886 ll.
1027 2821 1068 2885 ln
1092 2839 1206 2884 earnm
1230 2840 1293 2884 an-

216 2935 286 2986 tem
315 2915 538 3006 locumsqnas
564 2919 789 2988 restituendas
816 2919 927 2986 dicem
954 2919 1094 2987 haereo:
1116 2920 1293 2985 nolueram
1348 2971 1349 2976 ι

217 3015 316 3087 sosoi
336 3027 371 3086 et
392 3014 516 3106 nopai:
538 3021 599 3086 sed
620 3041 721 3107 aegro
741 3022 777 3086 in
799 3019 865 3088 hoo
886 3042 1027 3091 recensu
1050 3016 1124 3089 ἆνιί
1135 3023 1294 3088 desidero

218 3122 290 3200 (Oi.
313 3122 438 3189 Goctti.
461 3122 569 3189 doctr.
591 3141 662 3188 acc.
685 3143 718 3210 p.
739 3123 828 3205 378).
935 3140 938 3149 ·

219 3307 446 3328 m

284 3447 309 3509 ⁴)
327 3445 386 3501 Res
408 3453 487 3502 nota:
512 3445 561 3500 sed
588 3445 719 3502 miramur
743 3447 798 3502 hoe
821 3445 982 3504 Aristotelis
1003 3453 1079 3516 poet.
1095 3449 1146 3512 22,
1167 3451 1186 3505 4
1204 3445 1243 3501 ἔτι
1260 3447 1296 3503 δὲ

214 3525 383 3604 Ἀριφράδης
404 3528 466 3592 τούς
491 3527 649 3605 τραγῳδοὺς
673 3527 828 3602 Ismenides,
852 3529 895 3586 ὅτι
918 3526 937 3586 o'r
963 3529 1053 3593 οὐδεὶς
1066 3527 1103 3588 ἂν
1120 3536 1193 3586 εἴποι
1211 3527 1243 3587 ἓν
1260 3535 1295 3606 τῇ

214 3615 347 3687 διαλέκτῳ
369 3612 472 3678 τούτοις
489 3618 626 3689 χρῶνται·
649 3609 710 3671 οἷον
725 3613 756 3670 rd
772 3612 908 3674 δωμάτων
924 3609 996 3682 r'r'rro,
1018 3614 1087 3670 osse
1104 3615 1142 3684 μὴ
1159 3614 1215 3670 ἀπὸ
1234 3617 1293 3670 δω-

212 3697 316 3757 ιιιίτων.
339 3702 386 3754 noi
403 3698 433 3756 τὸ
450 3704 541 3759 σέθεν.
560 3703 608 3756 καὶ
624 3697 654 3756 rd
671 3697 727 3770 dyoi
743 3699 778 3756 dt
793 3717 848 3757 νιν.
864 3703 913 3756 sat
928 3699 959 3756 sd
975 3700 1116 3773 Ἀχιλλέως
1131 3703 1211 3774 πέρι,
1221 3699 1295 3756 ἀλλὰ

214 3781 254 3856 μὴ
269 3786 335 3860 περὶ
346 3784 494 3858 Ἀχιλλέως.
546 3788 616 3844 Nem
634 3787 678 3844 ret
705 3786 734 3841 in·
760 3785 815 3840 fine
832 3785 943 3858 periodi
960 3797 1024 3842 ante
1041 3786 1295 3854 interpunctionem

215 3881 323 3938 ponere
340 3888 376 3928 ae
393 3869 423 3928 id
441 3871 550 3942 quidem
567 3890 584 3928 e
602 3888 687 3946 prosa
704 3870 827 3928 oratione
843 3872 1019 3930 abhorrebat.
1054 3871 1125 3940 Rep.
1143 3875 1202 3930 403.
1221 3872 1257 3927 Ε.
