2748 4496
197 287 277 370 986

285 485 428 555 Utinam
465 501 550 550 vero
588 499 704 550 omnes
725 475 898 550 'servatos
933 483 1155 568 noueremus,
1198 509 1290 574 qnos

199 595 343 664 Nonnus
364 589 518 652 imitatus
541 591 604 653 est.
646 583 736 652 Nam
759 587 988 672 quorundam,
1016 591 1051 656 in
1079 592 1203 674 quibus
1232 614 1291 657 se-

198 697 266 766 mel
288 698 347 762 aut
368 696 492 758 iterum
514 688 645 775 aliquid
667 709 734 754 non
756 689 918 755 usitatum
941 693 1009 757 sibi
1030 690 1211 760 admisisse
1237 699 1292 760 in·

196 801 370 878 venimus,
393 813 514 860 causas
536 792 827 878 perspicercmnst
850 801 1012 879 utsupra
1034 816 1078 860 ex
1099 799 1291 882 Apollonio

195 905 281 971 talia
304 898 468 988 quaedam
492 898 525 962 ei
547 894 736 961 inhaesisse
757 894 964 963 offendimus
976 905 1020 976 *1.
1056 899 1157 977 Quod
1169 898 1290 966 tuiuen

194 1007 247 1072 ita
268 1002 417 1086 intelligi
439 1001 562 1075 nolim,
585 998 683 1082 quasi
705 1017 772 1061 non
794 997 958 1084 quaedam
982 1001 1093 1067 inscio
1115 1017 1230 1087 putem
1253 1009 1290 1070 in

195 1104 475 1176 consuetudinem
498 1103 573 1167 fere
595 1104 804 1166 constantem
827 1101 923 1166 abire
946 1105 1115 1190 potuisse,
1138 1107 1291 1174 sedeam

85 1225 90 1238 “
193 1215 306 1298 ipsam
335 1209 380 1274 ob
400 1225 547 1272 causam
564 1201 746 1286 accidere,
773 1210 812 1270 nt
833 1205 891 1270 hic
912 1205 988 1272 illic
1011 1209 1112 1274 etiarn
1134 1230 1291 1276 commo-

111 1363 114 1372 .
195 1317 305 1380 ditate
327 1311 472 1398 quadam
494 1307 634 1372 dicendi
656 1307 827 1374 invitante
848 1307 996 1382 aliorsus
1018 1310 1180 1378 ferretur.
1213 1313 1294 1380 Ob-

195 1415 332 1484 servavi
355 1416 529 1495 cumpost
551 1400 644 1498 timna
665 1406 727 1491 μέν
747 1399 784 1474 18
806 1411 948 1498 spodosi
971 1413 1084 1479 solere
1105 1410 1219 1504 τόφρα
1254 1418 1295 1482 δέ

195 1521 312 1585 dicere
350 1516 380 1592 Ι,
402 1515 478 1584 321.
511 1513 583 1595 lll,
618 1514 692 1580 184.
721 1513 775 1594 V,
808 1516 882 1581 661.
911 1515 997 1595 vll,
1021 1519 1094 1587 137.
1116 1518 1207 1601 XV,
1229 1521 1289 1586 87.

193 1623 334 1698 XVII,
358 1623 433 1687 136.
466 1615 613 1697 XVlll,
645 1617 698 1682 68.
732 1617 806 1683 919.
837 1616 1047 1698 xx1‚mr.
1071 1619 1286 1704 ΧΧ1,915.

193 1724 334 1796 xxw,
357 1719 587 1800 enxxx11,
612 1723 684 1786 roo.
696 1705 859 1800 xxxv,
882 1687 1040 1789 modas.
1063 1723 1288 1807 xxxvnr,

193 1833 272 1898 aare
307 1821 504 1898 ¹XXXIX,
543 1823 575 1888 6.
622 1825 696 1889 369.
728 1822 875 1908 XLIV,
907 1827 1001 1892 189.Ι
1025 1825 1170 1909 XLIV,
1207 1831 1285 1897 255.

192 1931 377 2012 XLVlll,
413 1929 490 1993 571.
524 1943 598 2009 par.
632 1925 679 2003 E,
697 1926 767 1990 ’261
795 1927 849 1992 bis
875 1932 987 1994 tamen
1016 1930 1148 1996 dixisse
1168 1925 1285 2020 τόφρα

190 2037 269 2102 sine
303 2029 357 2120 dt,
397 2030 465 2111 Ill,
499 2031 563 2095 416
594 2025 714 2108 xxi,
749 2032 822 2097 105.
867 2030 910 2096 ln
932 2030 999 2097 hoo
1019 2033 1125 2099 facile
1147 2035 1315 2099 credaru¹

195 2143 231 2203 et
254 2137 365 2219 legem
390 2139 426 2197 'ct
447 2131 684 2218 exceptionem
707 2134 915 2220 imprudenti
928 2141 1050 2202 'natam
1076 2157 1161 2203 esse.
1194 2138 1287 2204 Nam

193 2261 259 2308 neo
293 2239 339 2302 ad.
371 2237 533 2302 metricae
568 2257 632 2301 nec
662 2237 707 2302 ad
740 2241 980 2324 grammaticae
1008 2241 1194 2324 penetralia
1217 2241 1287 2307 hoc

194 2341 346 2426 attingit,
381 2359 445 2406 neo
477 2339 527 2403 ita
559 2337 646 2404 haec
677 2343 733 2406 vel
769 2343 882 2428 spissa
913 2345 969 2408 vel
1002 2346 1205 2429 singularia,
1245 2355 1285 2411 ut

194 2465 397 2532 quamquam
420 2447 526 2527 „patet
559 2463 628 2526 quo
661 2441 844 2511 inclinaret
876 2447 1059 2532 aliquoties
1093 2448 1286 2515 declinasse

196 2550 386 2614 mirandum
416 2546 662 2610 videatura-
697 2548 877 2612 Caeterum
910 2549 945 2613 in
967 2547 1109 2632 Nonne,
1132 2553 1192 2636 qui
1215 2537 1284 2618 tam

188 2653 324 2723 'multos
343 2649 488 2740 aliorum
511 2669 631 2718 versus
652 2655 689 2716 et
710 2649 863 2733 integros
885 2657 919 2719 et
941 2652 1138 2720 dimidiatos
1168 2662 1284 2722 trans-

192 2836 427 2866 ,,,,,.,.....
492 2839 494 2850 .

255 2963 291 3028 *1
309 2961 400 3020 Quam
426 2975 515 3033 pauca
540 2965 652 3019 servata
677 2963 811 3020 habemns
834 2965 1046 3037 Euphorionist
1069 2957 1189 3020 attamen*
1210 2973 1286 3022 totus

159 3095 165 3122 ,
195 3060 294 3108 versus
320 3057 362 3103 est
388 3043 524 3120 ἀγχίαλον
549 3045 708 3124 Βραυρῶνα
733 3045 861 3124 scriotor
883 3049 1057 3126 Ἠριγενείης
1078 3051 1114 3106 tr·
1138 3051 1284 3120 Lxxxl,

196 3136 246 3206 qui
273 3133 395 3192 recurrit
419 3134 495 3204 apud
520 3134 652 3190 Noenum
678 3136 775 3203 XIII,
804 3141 868 3206 166,
894 3145 925 3192 nt
950 3137 1113 3192 Meinelrins
1138 3137 1284 3192 indicavit.

189 3223 264 3298 ‚Alta
291 3217 410 3276 imitatio
437 3219 467 3273 in
494 3221 635 3280 vocabulo
659 3223 801 3293 πρηνίζειν
817 3222 907 3278 cidem
926 3223 989 3279 viro
1007 3225 1091 3279 docto
1109 3223 1231 3278 indicata
1249 3225 1286 3280 tr.

195 3309 282 3364 XVI.
317 3307 387 3361 Item
405 3303 433 3360 iu
452 3321 504 3360 usu
522 3305 655 3362 adiectivi
674 3307 846 3376 ἐνοσίχθων,
865 3309 975 3377 dequo
994 3327 1062 3366 rnox
1085 3311 1190 3377 dicam,
1209 3313 1286 3365 hunc

72 3413 75 3416 ·
196 3397 311 3450 videtur
333 3379 509 3460 potissimum
532 3402 672 3446 auctorem
695 3403 822 3464 secutus,
845 3393 880 3450 tr.
899 3395 992 3462 CXL,
1011 3405 1039 3450 et
1056 3397 1180 3450 eiusdem
1199 3399 1287 3464 γλαυ-

153 3545 162 3556 ·
197 3483 289 3536 κῶπιν
312 3478 409 3533 ἐλαίαν
431 3478 582 3544 expressit.
607 3511 638 3522 -
661 3479 696 3532 In
720 3479 886 3534 Aristarcho
905 3497 967 3534 meo
985 3500 1013 3550 p.
1036 3486 1084 3538 165
1097 3485 1285 3550 neglexeram

185 3579 312 3631 notare,
335 3577 408 3632 quae
431 3579 467 3618 ex
491 3563 594 3618 Nouno
616 3557 725 3636 nrolata
744 3575 822 3630 sunt,
841 3566 958 3623 ἔννεπεν
975 3576 1002 3622 et
1020 3561 1111 3628 εἶπεν.
1131 3567 1201 3622 llaec
1219 3567 1286 3622 Gal·

198 3652 337 3708 limachea
355 3665 436 3716 esse,
454 3649 524 3704 illud
543 3649 627 3706 Dian.
645 3658 688 3710 stt.
708 3652 771 3706 Del.
789 3658 855 3720 1116,
873 3653 929 3708 hoc
947 3655 1012 3709 Cer.
1030 3654 1156 3722 eatpolt,
1175 3660 1218 3712 93.
1237 3674 1285 3728 ep.

196 3739 228 3806 Ι,
245 3743 271 3796 6.
316 3736 449 3799 Poteram
476 3734 580 3804 addere
601 3733 619 3804 ἡ
640 3736 694 3796 μὲν
718 3736 772 3808 ἔφη
791 3738 882 3796 Nono.
901 3739 931 3804 1,
949 3745 1008 3798 344.
1027 3741 1075 3806 It,
1096 3745 1154 3799 163.
1173 3741 1286 3795 Gallim.

197 3824 265 3882 Del.
283 3825 343 3879 149.
362 3819 434 3874 Pall.
454 3824 496 3878 82.
515 3815 551 3882 ὣς
569 3821 668 3876 ἔνεπεν
685 3799 793 3878 6111611.
816 3821 897 3879 Dion.
916 3825 976 3882 168.
1016 3825 1096 3881 Duos
1115 3841 1182 3881 vero
1202 3829 1288 3883 locos
1366 3881 1367 3884 ,

198 3907 381 3970 Homericos,
406 3907 451 3972 Ω,
476 3911 534 3964 649
555 3922 587 3970 σ,
610 3911 674 3974 356,
694 3910 722 3962 in
742 3909 843 3978 quibus
861 3925 878 3962 a
895 3911 981 3965 solito
998 3923 1101 3979 poetae
1119 3929 1196 3968 more
1214 3930 1287 3984 pau-

186 3994 256 4052 ‹luru
273 3993 426 4047 discessum
445 3995 499 4059 est,
519 3991 588 4047 milri
606 3993 820 4060 praetermissor
841 3993 929 4052 tuisse
952 3997 1093 4067 indignor.
