2832 4494
1137 259 1214 338 ²31

213 451 383 524 tuimet
406 450 550 544 ποίησον
570 449 735 540 Ὀλύμπια
757 449 880 539 daiper'
905 455 1041 540 ism
1065 463 1148 528 lun

214 556 248 627 oi
266 557 328 644 pte
345 553 408 630 lut
428 553 564 648 Κρόνου
584 550 670 646 ἦσαν
676 609 687 641 ,
709 552 757 626 ὄπ’
780 553 912 649 edomui
939 557 1170 644 ἐμβασίλευεν·
1284 549 1289 556 ’

127 791 186 851 eat,
212 767 309 850 plures
337 782 422 838 lrebet
444 787 588 849 restores,
615 797 654 838 ex
680 781 813 850 pluribus
834 783 1047 842 recessionibus
1063 787 1220 848 commixta

127 893 186 954 eat,
214 894 242 944 et
258 886 415 954 §prseteree
439 884 469 940 iu
496 885 595 956 quinto
619 899 727 952 genere
750 885 787 942 ed
808 886 1033 955 desperationem
1050 888 1215 948 delormnte-

127 987 191 1044 lam
207 974 328 1057 pri'rnuru
345 988 541 1060 etaecundurn
560 1004 648 1058 geone
665 985 793 1048 diversos
809 998 941 1048 auetores
955 991 1053 1048 babet.
1077 992 1147 1050 Nem
1165 994 1215 1062 qui

126 1089 165 1146 de
189 1105 276 1154 aureo
301 1107 407 1160 geaere
431 1089 580 1162 exposuit,
605 1090 687 1154 buius
704 1091 873 1149 vlelioiteteur
899 1093 1029 1162 depingit
1052 1094 1106 1162 ite,
1131 1106 1161 1152 ut
1178 1099 1219 1154 de

126 1209 279 1262 corporum
303 1193 435 1263 agilitete
460 1203 489 1248 et
512 1195 632 1260 robore,
657 1195 693 1250 de
711 1193 840 1266 frugibus
857 1203 958 1266 sponte
975 1200 1166 1268 manentibus,
1184 1209 1231 1272 etr

126 1297 209 1353 breui
226 1297 461 1366 comprehendere
479 1295 516 1352 de
531 1297 659 1354 externis
676 1297 760 1354 boris
776 1307 913 1366 exponere
934 1298 1060 1358 moriboa
1078 1302 1161 1360 edem
1178 1302 1215 1376 il·

126 1400 174 1458 loa
190 1409 362 1472 preesteeaes
379 1401 467 1456 luisse
483 1410 512 1458 et
528 1400 593 1467 pios
611 1411 664 1456 tem
682 1399 734 1456 ille
749 1401 893 1470 neglexit,
912 1410 942 1456 ut
958 1401 1148 1462 tautummodo
1165 1423 1217 1462 ue-
1294 1454 1297 1465 .

128 1501 223 1572 atigiis
245 1503 410 1572 quibusdem
427 1502 608 1560 dirimendum
629 1502 676 1570 rit,
693 1504 768 1572 quod
787 1512 852 1575 poa
868 1513 985 1560 mortem
1003 1505 1066 1582 inre
1082 1505 1167 1564 etiam
1187 1489 1219 1566 et

123 1604 243 1662 iniurius
259 1607 420 1678 obaeruem.
462 1606 570 1672 Goptre
593 1605 632 1672 ie,
666 1605 746 1662 euius
761 1606 799 1662 de
815 1615 950 1675 argentee
967 1617 1059 1664 eetate
1076 1611 1216 1674 neuterio·

125 1723 191 1764 nem
207 1709 356 1777 hebemus,
374 1708 414 1764 ite
430 1707 562 1778 previteti
580 1723 688 1764 morum
704 1708 827 1764 intentus
844 1717 920 1778 eret,
939 1719 969 1766 ut
984 1699 1216 1770 recedentem

127 1825 220 1868 anuo
245 1811 406 1872 leborern
430 1821 464 1868 et
488 1812 663 1874 ,culturum
688 1827 854 1881 egrotum
878 1829 921 1868 ne
945 1815 1056 1870 verbo
1079 1815 1220 1884 quidern
1299 1803 1303 1808 ’

127 1923 378 1972 commemoret.
414 1913 472 1974 Sed
484 1912 516 1972 ie
533 1913 618 1972 etiam
635 1913 684 1983 qui
703 1915 920 1983 tertiemgerue
936 1915 980 1974 aio
996 1925 1028 1972 nt
1045 1933 1119 1974 nune
1141 1919 1219 1989 legi-

128 2025 177 2072 tur
193 2016 296 2076 eeeinit
311 2016 410 2076 hebuit
425 2017 535 2091 aliqrdd
552 2016 608 2074 albi
631 2015 791 2088 propriumr
809 2017 836 2074 ia
853 2017 942 2086 eninr,
965 2017 1046 2076 cuius
1064 2020 1153 2080 reiiu
1171 2037 1218 2078 re·

128 2118 218 2190 liqnie
241 2119 392 2192 vestigium
413 2120 520 2180 nullum
543 2130 598 2187 est,
623 2121 694 2186 (imo
712 2119 884 2179 insecundo
902 2138 1008 2190 genere
1025 2139 1086 2178 cum
1106 2125 1219 2193 urgenti

126 2221 224 2292 pretio
241 2221 356 2281 illorum
372 2222 514 2280 boninum
531 2233 630 2282 nutura
642 2239 683 2286 ,ne
699 2222 832 2281 conuenit
848 2222 973 2293 quideme
991 2233 1045 2280 tum
1063 2235 1220 2322 noneteeu·
1297 2245 1314 2308 .'

129 2323 217 2381 ditia
240 2335 340 2386 auctor
363 2327 492 2386 metabor
508 2339 543 2383 'u
569 2325 673 2382 nuum.
698 2343 727 2395 p.
746 2329 775 2390 b)
791 2323 820 2382 le
836 2323 926 2396 igitur
943 2325 1014 2382 ludit
1031 2324 1061 2382 in
1079 2323 1219 2384 uoeebulo

126 2424 271 2500 χάλκειος,
288 2429 373 2486 etita
390 2427 519 2501 quidem,
535 2437 566 2487 nt
583 2427 715 2484 uersibus

201 2537 259 2596 anis
274 2527 299 2587 δ’
317 2521 355 2602 ἦν
367 2530 474 2604 xdlaeo
489 2529 545 2604 μὲν
560 2526 671 2602 τεύχεα,
685 2525 801 2602 χάλκιοι
817 2527 852 2586 tt
870 2547 899 2586 ra
915 2535 1013 2602 τοῖχοι,

198 2633 293 2706 χαλκῷ
309 2632 333 2689 d
353 2632 510 2714 εἰργάζοντο
520 2637 560 2703 ’),
576 2629 705 2705 peiued'
723 2627 775 2688 ode
791 2631 853 2690 ioue
869 2632 982 2706 σίδηρος

133 2737 326 2794 tantummodo
342 2738 441 2796 eenei
458 2736 572 2809 generis
588 2734 746 2794 exornandi
772 2746 856 2795 neuen
883 2735 923 2794 lte
940 2736 1051 2792 bouum
1067 2735 1120 2805 eit,
1137 2739 1219 2810 quasi

132 2839 242 2912 probro
268 2853 333 2896 eane
358 2839 453 2910 poerit
477 2855 534 2900 non
556 2838 673 2907 terreis,
693 2840 746 2898 aed
762 2837 859 2896 aeneia
877 2835 964 2896 ermis
982 2843 1010 2894 et
1026 2837 1219 2908 instrumentis

132 2943 190 3002 nti:
208 2941 311 3012 quibes
328 2952 420 3000 umen
437 2942 551 3000 omuino
568 2941 691 3012 antiquie
708 2939 883 3014 temporibus
899 2957 926 2998 e.
940 2957 975 3012 gr
987 2941 1223 3002 llomerieiaaee·

133 3045 251 3119 pissime
267 3045 313 3102 nai
330 3056 409 3113 snut,
426 3061 480 3104 uec
496 3046 551 3102 lroe
567 3047 676 3115 probro
694 3045 766 3112 luit:
784 3053 813 3102 et
829 3043 943 3104 minime
960 3047 1068 3113 probro
1078 3045 1222 3116 derilpo-

132 3150 252 3206 teratab
269 3147 321 3219 lie,
333 3149 442 3218 ,ouibus
458 3148 506 3204 vel
521 3147 643 3206 lelicites
659 3148 707 3205 rel
723 3163 832 3204 unorum
848 3146 983 3204 mollities
999 3156 1029 3204 et
1044 3147 1223 3206 duritierde·

135 3251 279 3324 piageada
295 3253 432 3308 mexinee
450 3267 538 3308 enree
555 3249 622 3317 luit,
639 3251 682 3308 nti
700 3251 783 3322 primi
800 3249 973 3322 secundique
994 3238 1108 3320 geue‘ris
1123 3258 1222 3306 eneto-

134 3353 218 3432 ribus
241 3354 302 3414 init.
343 3353 420 3412 lllnd
442 3369 583 3410 eeuenru
599 3354 638 3410 ite
655 3354 858 3412 obversabatur
875 3354 959 3410 huius
977 3353 1101 3428 eustorio
1118 3354 1221 3421 neimo,

135 3456 174 3512 ed
199 3455 230 3517 id
246 3456 286 3516 ita
314 3456 534 3526 descriptionem
559 3473 636 3514 auem
662 3457 819 3527 dirigebet,
836 3466 867 3512 ut
883 3455 1039 3524 apottonto
1058 3457 1098 3520 (et
1114 3455 1139 3510 si
1157 3455 1235 3532 quis,

135 3557 210 3614 lorte
227 3569 292 3616 nate
308 3560 386 3627 lecit,
404 3577 431 3616 r.
449 3557 584 3628 apollon.
603 3559 630 3628 1,
647 3563 674 3628 u,
693 3565 740 3623 20>
757 3576 794 3616 re
808 3537 1223 3630 vehementerqnidemexpro·

135 3661 273 3718 breodun
295 3661 346 3730 ait,
369 3677 534 3731 quemquern
563 3639 637 3716 telon
667 3659 829 3728 intellexit,
867 3660 996 3729 giguntur
1021 3677 1088 3716 rere
1118 3675 1235 3732 eeaeurs¹

137 3767 195 3820 lroe
219 3765 285 3820 loeo
306 3764 498 3831 intellexisse,
521 3763 577 3830 lv,
596 3767 662 3824 tent
680 3763 729 3820 nbi
747 3761 783 3816 de
800 3761 872 3818 Telo
889 3779 976 3818 neuen
994 3761 1075 3820 dicite

199 3888 226 3947 ‘l
235 3885 291 3940 ba
303 3883 493 3939 instrumentis
499 3881 668 3952 inaperibus
674 3880 931 3948 numeraremus,
941 3898 996 3938 noa
1011 3891 1127 3938 »terrm
1138 3883 1224 3940 eber·

133 3961 1225 4040 eebeotmoeratrorruenaddtreuteoripotuoe,noneolebeotigiterterrem.
