2688 4520
563 165 575 204 l

1056 257 1109 340 33

42 478 122 542 nius
152 471 207 540 bic
225 469 264 536 ut
282 465 382 536 silbin
398 461 616 540 additenlns
631 453 696 528 ,οὗιι
716 457 787 528 ἔστι
807 457 855 540 δέ,
877 454 948 538 tlt
971 458 1112 534 intero-

44 575 99 656 οἷς
117 573 190 643 ἐστι
209 573 269 640 τοῦ
289 563 415 654 νήπιοι.
456 566 514 634 (ii.
535 559 729 642 θεσπέσιον,
760 558 921 655 μεσόδμῃ,
943 560 1112 656 αῖσυητὴρ,

45 671 157 756 rilinde.

132 779 192 844 Sic
212 777 249 842 in
270 773 340 840 boo
359 789 636 860 qnoque,genere
658 787 829 854 perpenna
850 774 960 855 erunt,
982 772 1017 838 in
1039 775 1114 858 qni-

50 885 113 948 bns
143 879 259 948 nerins
287 895 386 962 quam
412 875 486 938 elii·
501 872 684 951 iudicavit,
706 877 745 936 ut
760 873 859 955 μῆνις
879 892 900 940 e
940 871 1113 959 μαίνομαι,

51 1007 125 1051 cun
142 977 360 1049 Aristarchus
381 999 403 1042 e
421 972 510 1059 μένω
531 995 604 1040 esse
623 972 801 1039 voluisset:
822 967 980 1053 telmon,
993 979 1035 1042 nb
1047 973 1116 1043 d'rr-
1211 1005 1213 1014 =

48 1109 164 1169 ιιιμαι,
193 1081 285 1170 qnod
308 1078 525 1149 Aristarchus
545 1068 733 1162 ἅπτοήτους
760 1097 833 1142 esse
858 1077 1029 1160 soluerat,
1056 1083 1117 1148 elii

50 1211 95 1256 ex
125 1185 264 1272 optimis
294 1184 379 1248 item
408 1181 446 1246 in
478 1199 519 1244 eo
539 1180 636 1254 ¹mire
657 1173 904 1261 sogesserunt,
928 1197 994 1264 qus
1015 1181 1118 1248 dere

52 1291 128 1356 dixi
149 1292 183 1354 in
207 1281 411 1352 Aristarcho
432 1304 465 1376 p.
489 1281 562 1348 lte.

135 1387 280 1474 Apionis
305 1385 489 1452 Homerios
515 1382 644 1448 duobus
671 1383 830 1466 operibus
856 1386 1118 1466 continebantur,

52 1489 302 1560 commentariis
323 1493 358 1554 et
376 1488 509 1572 glossis.
554 1485 833 1568 Commentarios,
856 1511 939 1572 quos
960 1487 1121 1556 Ruhnke-

53 1599 128 1660 nins
151 1587 258 1679 pr'nei.
279 1589 361 1654 Hes.
384 1609 416 1673 p.
429 1588 472 1652 v,
487 1587 614 1651 centies
635 1605 656 1650 e
677 1590 845 1652 veteribus
866 1589 996 1654 laudari
1019 1593 1120 1672 dixit,

56 1701 130 1764 sine
161 1696 265 1760 dubio
292 1690 334 1756 de
354 1687 527 1754 Eustethii
548 1688 679 1770 Anione
700 1695 735 1752 et
756 1689 944 1756 Herodoto
957 1696 1120 1776 cogitans,

56 1799 211 1885 (repetiit
236 1793 303 1858 hoo
329 1789 486 1858 Rnnlrius
506 1789 550 1854 de
571 1789 669 1859 Hes„
683 1812 715 1873 p.
740 1793 825 1872 134),
847 1794 922 1876 ipso
943 1795 1059 1858 'addito
1080 1797 1123 1860 ti-

58 1902 129 1966 tulo
152 1915 315 1981 nusquam
335 1893 525 1957 tendentur.
569 1891 635 1957 Sed
657 1891 763 1958 inisse
784 1900 817 1958 et
837 1893 917 1960 binc
933 1903 1040 1962 sumta
1051 1919 1127 1964 esse

58 2003 175 2066 omnin
204 1999 284 2080 illa,
314 2015 401 2080 qune
421 1994 457 2058 in
485 1994 608 2080 glossis
634 1994 746 2060 locum
772 2015 839 2059 non
860 1995 1037 2076 hebebant,
1058 2021 1126 2064 non

1 2181 2 2184 Ἴ
58 2111 172 2190 potest
190 2099 351 2166 dubitari.

145 2203 231 2268 Eius
258 2195 404 2285 γλῶσσαι
420 2190 597 2284 Ὀμηρικαὶ
618 2194 701 2262 κατὰ
722 2199 881 2315 στοιχεῖον
901 2199 1053 2286 (Hesych
1076 2223 1127 2286 ep.

61 2308 102 2372 nd
132 2303 256 2385 Enlng.
277 2303 340 2380 in.)
363 2321 511 2383 magnam
533 2306 664 2384 partem
686 2307 890 2365 transierunt
910 2303 1128 2386 indpollonii

62 2409 202 2474 lexicon
223 2399 576 2478 Homericum-mne,
603 2408 640 2466 nt
660 2402 844 2468 verisimile
865 2409 935 2483 est,
958 2406 1131 2488 complura

62 2509 274 2574 transierunt
304 2503 340 2568 in
372 2503 699 2588 Etymologicum*).
752 2504 925 2570 Permulta
956 2507 1066 2572 inesse
1093 2509 1130 2570 in

63 2606 243 2694 Hesychio
271 2609 307 2670 et
327 2605 471 2690 epistola
492 2617 525 2670 et
545 2624 728 2670 consensus
749 2625 824 2669 cnm
844 2607 967 2688 glossis
988 2607 1131 2692 Apionis

64 2710 159 2799 spnd
179 2707 394 2794 Apollonium
414 2708 559 2774 servatis
580 2705 748 2772 ostendite
760 2727 879 2774 nomen
889 2709 1031 2794 Apionis
1041 2729 1131 2774 nuno
1208 2709 1212 2716 '

67 2875 295 2900 W

135 3001 208 3062 Ἣ.
227 2985 308 3062 ἆσαι,
325 2989 436 3061 strande,
458 2990 579 3070 κορώνη,
600 2995 712 3055 σκῶλος.
746 2995 824 3049 llaec
841 2995 887 3050 ubi
904 2995 1077 3070 inspexeris,
1098 3001 1134 3055 sd
1154 3009 1157 3016 ’

69 3083 131 3152 ipss
147 3083 235 3136 verba
252 3079 406 3150 Apollonio
423 3079 632 3151 respondentis,
654 3081 704 3136 vix
722 3079 862 3135 dubitabis
879 3097 901 3137 s.
919 3082 996 3150 ὀπός,
1012 3080 1134 3140 παλὺνω.

69 3163 185 3240 dumos
199 3161 309 3236 (ὀρχόιὶ,
326 3169 480 3234 πείρινθος,
497 3160 604 3232 ὀπωπή,
621 3159 779 3238 structiles.
797 3167 885 3221 schol.
902 3169 1033 3236 Apollon.
1043 3170 1135 3226 Rbod.

70 3253 95 3308 1.
115 3255 180 3313 ml
202 3250 321 3322 Apionis
342 3266 441 3304 nomen
464 3253 499 3304 sb
521 3249 676 3318 Apollonio
697 3261 936 3306 commemoratum
954 3245 1040 3306 ldisse
1057 3267 1085 3307 et
1101 3255 1137 3308 nb

9 3361 11 3418 p
73 3337 123 3392 illo
141 3350 177 3390 es
193 3335 319 3390 linxisse.
352 3334 422 3388 Sum
439 3334 573 3404 pleraque
589 3344 647 3390 toto
664 3335 963 3401 colorenpononianis
979 3338 1090 3406 similis,
1108 3337 1138 3391 in

74 3421 236 3490 quibusdem
261 3419 343 3474 etiem
369 3435 442 3474 nunc
467 3421 612 3474 verborum
638 3419 760 3486 ipsorum
786 3435 936 3498 consensus
956 3437 1011 3476 non
1029 3421 1138 3478 dubius.

11 3531 12 3554 l
74 3505 220 3561 αῦτη.
237 3505 263 3570 1,
280 3509 340 3571 m,
356 3509 374 3564 3
391 3521 451 3559 cum
462 3504 615 3574 Apollonio
632 3501 992 3575 (stunroutwposoyorfl
1009 3506 1141 3562 ntdicere

75 3591 148 3644 solet
176 3590 359 3656 Apollonius).
403 3589 479 3642 Idem
505 3589 649 3642 dicendum
674 3591 709 3643 de
734 3589 869 3662 ἐρέχθων,
887 3591 962 3657 quod
979 3593 1141 3659 nuneepud

75 3674 258 3742 Apollonium
276 3673 391 3739 excidit,
409 3674 457 3728 sed
476 3675 601 3742 protecto
619 3674 841 3742 praetermissum
857 3689 914 3728 non
932 3675 992 3731 luit.
1011 3679 1143 3732 -Kolo-

76 3763 146 3828 etto
163 3759 211 3818 (et.
230 3758 292 3811 eod.
311 3759 410 3820 Hero.)
428 3772 454 3813 et
471 3754 617 3831 Κρόιαφος
633 3775 672 3814 ex
680 3759 789 3814 sorano
806 3767 882 3814 suntt
900 3774 972 3826 quse
988 3761 1016 3814 in
1028 3763 1143 3834 Elymn-

75 3845 200 3911 logicuu
219 3843 390 3904 ridebuntur
408 3844 517 3898 venisse
534 3860 570 3896 ex
586 3843 745 3898 Orionel’.
762 3846 822 3912 ³29,
842 3841 1145 3918 ld’dlispcrrtrnetzt,

74 3935 108 3988 tt
119 3923 247 4004 Ἄθριρις
262 3945 299 3984 ex
316 3933 375 3986 oro
392 3936 429 3996 tv.
447 3928 564 3986 Ritscbl.
582 3945 609 4000 p.
627 3931 681 3994 54).
704 3959 737 3975 -
