2688 4520
240 227 293 304 42

325 427 455 514 worado
479 424 567 492 dicit
593 422 790 510 quibusdam
819 421 903 488 duae
928 423 1041 508 partes
1063 424 1224 493 orationis
1242 424 1286 485 ui-

237 530 329 596 deri:
352 535 471 614 putare
491 529 644 598 euimex
666 527 937 592 locollomerico
951 527 1135 592 ΦΥΓΛΔΕ
1145 517 1285 608 μνώοντο,

237 633 295 696 ubi
322 651 388 696 uou
409 630 611 696 adverbialia
638 631 731 694 notio
758 627 989 711 requireretur
1014 623 1060 705 οἷς
1089 623 1210 715 φυγήν,
1238 628 1286 690 sed

235 735 326 796 solun
351 734 561 800 accusativae
590 724 711 818 φυγήν,
738 738 893 798 constare
915 730 958 794 do
980 733 1176 796 accusativo
1199 721 1284 815 φύγο,

237 837 296 918 qui
323 837 376 900 uel
401 855 460 918 per
481 834 728 919 metaplasmum
751 833 862 898 dictus
882 831 1040 898 videatur
1061 839 1099 898 ut
1121 828 1226 920 σκέπα
1244 832 1288 896 vel

235 937 286 1012 (et
306 935 393 1002 hauc
404 937 589 1006 Ptolemaei
600 935 814 1002 Ascalonitae
835 937 1030 1000 seutentiam
1047 939 1135 1012 esse)
1158 935 1289 1000 anomi-

233 1040 351 1104 uativo
381 1033 449 1126 φὺξ
475 1045 512 1106 ut
538 1031 638 1116 Σούξε
667 1034 705 1104 δέ
725 1043 837 1102 nutem
858 1035 935 1103 hoc
955 1037 1147 1112 locolaiue
1174 1034 1291 1118 sigulfi-

233 1141 367 1206 catione
388 1143 433 1208 iia
454 1141 581 1206 dictum
594 1140 715 1206 videri.
756 1141 924 1217 Attamen,
935 1138 1057 1222 iuquit,
1071 1145 1185 1222 puteat
1198 1139 1288 1202 etiam

232 1240 300 1310 hoc
330 1244 406 1310 loco
439 1243 632 1310 adverbium
672 1259 744 1308 esee
783 1261 845 1325 per
883 1259 1071 1323 paragogen
1104 1241 1230 1304 sactum
1260 1242 1291 1300 ut

233 1338 366 1410 obinde·
403 1364 479 1408 uam
512 1363 681 1442 paragoge
714 1361 948 1426 nonnunquam
983 1341 1072 1405 idem
1107 1339 1289 1426 significant

233 1465 309 1509 cum
332 1446 526 1530 prototypia
546 1446 658 1530 (qnam
682 1445 868 1507 doctrinam
892 1449 924 1506 et
943 1443 1156 1526 Apollonius
1167 1441 1313 1524 saepius

232 1545 405 1626 inculcat),
428 1539 617 1634 ut'¹1‹lq9ev
637 1544 761 1628 μεδέων
783 1565 845 1630 pro
866 1538 947 1630 'ldpg
968 1553 1037 1608 et
1021 1540 1159 1626 ἔκβαλεν
1192 1541 1289 1609 ἔκτοσε

231 1642 343 1737 χειρός
370 1671 430 1732 pro
457 1643 558 1726 ἐκτός.
603 1647 669 1713 sed
693 1659 800 1712 utrum
822 1653 1002 1722 statuetur,
1032 1656 1194 1712 accentus
1204 1613 1326 1709 nihil

234 1751 448 1818 difficultatis
475 1750 583 1816 habet.
626 1748 715 1814 Nam
738 1753 767 1813 si
790 1754 840 1814 est
861 1744 1074 1814 accusativus
1097 1744 1206 1837 φύγα,
1234 1747 1288 1808 duo

234 1861 394 1916 accentus
424 1859 520 1917 eruut
551 1843 639 1940 φῦγα
673 1847 710 1916 δέ
743 1857 777 1914 ut
814 1841 992 1932 Οὔλυμπον
1014 1849 1079 1928 ref
1096 1853 1128 1916 si
1151 1873 1215 1915 non
1237 1853 1288 1927 est,
1325 1881 1326 1914 l

213 1946 364 2039 «φύγαδε
385 1961 437 2019 est
458 1960 494 2019 ut
515 1942 637 2042 dypade
661 1975 735 2017 cum
757 1973 822 2016 uno
844 1965 992 2018 accentu.
1037 1953 1096 2018 Sic
1119 1961 1233 2028 certe,
1247 1953 1291 2012 in-

201 2055 327 2137 .quit,
377 2057 487 2140 (plane
534 2063 571 2122 ut
604 2055 826 2156 Apolbuius),
871 2055 941 2118 dc
957 2049 1060 2121 ἅλαδε
1102 2058 1205 2121 etiam
1245 2071 1291 2117 res

235 2155 338 2220 dubia
361 2161 462 2236 esto.

318 2257 428 2322 Unum
456 2259 557 2325 verbo
580 2259 728 2324 monebo.
769 2259 1014 2324 Commemorat
1034 2259 1232 2344 Apollonius
1251 2235 1326 2368 (pl

234 2359 309 2434 592,
332 2359 373 2424 28
384 2359 473 2446 sqq)
495 2361 672 2446 quosdam,
695 2361 753 2443 qui
775 2363 932 2444 suspicati
956 2368 1067 2425 essent
1094 2321 1326 2426 OlttONAE

166 2547 169 2554 Ι
237 2481 314 2525 cum
336 2461 501 2526 similibus
523 2483 560 2528 re
581 2481 661 2528 uera
682 2461 843 2527 adverbia
866 2481 939 2526 ease
960 2469 994 2527 et
1016 2484 1132 2526 uuum
1156 2449 1326 2528 vocabu

235 2563 317 2645 lum,
338 2583 405 2628 nou
427 2568 561 2631 uomina
582 2586 656 2629 cum
679 2564 796 2628 addite
817 2565 1053 2629 coniunctione
1074 2561 1127 2630 δέε
1161 2581 1292 2650 quorum
1325 2555 1326 2618 3

228 2662 385 2734 ‘rationes
412 2669 553 2754 exponit
581 2667 691 2730 latius.
740 2668 897 2732 Attamen
924 2666 980 2730 vel
1002 2685 1045 2728 ex
1065 2665 1131 2730 lrac
1153 2668 1293 2750 disputa·
1325 2727 1326 2736 ,

234 2768 329 2834 tione
356 2789 454 2852 quam
481 2759 597 2834 firmus
624 2776 691 2833 tum
722 2767 810 2852 apud
831 2787 945 2832 omnes
966 2775 1140 2849 accentus,
1172 2769 1293 2850 dequo
1325 2791 1326 2846 ο

235 2863 392 2948 ᾶίκίηιοε,
414 2871 518 2936 suerit
537 2869 673 2936 videtur
695 2871 835 2934 elucere.
881 2869 966 2934 Nam
1001 2871 1079 2934 illos
1101 2871 1195 2953 ipsos
1217 2867 1296 2932 dicit
1325 2929 1326 2964 p

124 2985 128 2996 ¹
233 2967 278 3030 ad
305 2975 478 3042 accentum
505 2973 697 3036 adhaesisse
725 2975 759 3036 et
786 2977 925 3054 propter
944 2978 1117 3036 accentum
1142 2993 1223 3036 suae
1250 2969 1295 3031 rei
1325 3009 1326 3072 p

234 3069 354 3133 dubios
375 3069 480 3136 fuisse
502 3075 578 3154 593,
602 3075 659 3136 18:
682 3079 716 3136 et
738 3072 940 3136 refutatores
963 3095 1021 3138 eos
1039 3074 1237 3158 Apollonius
1257 3071 1326 3132 ab

236 3177 377 3236 accentu
406 3173 540 3236 initium
570 3175 661 3257 capit
689 3196 721 3237 v.
743 3177 793 3246 23,
817 3173 858 3238 τὰ
880 3171 939 3256 μὲν
961 3165 1018 3240 our
1032 3171 1075 3240 ’ἐκ
1095 3175 1153 3260 τῆς
1174 3168 1326 3246 τάσεως

213 3273 403 3362 προφανῆ.
433 3275 506 3352 πῶς
539 3271 601 3364 γὰρ
632 3270 725 3363 τρίτη
757 3270 837 3342 drab
859 3267 1018 3354 τέλουςς
999 3299 1020 3363 η
1043 3273 1293 3364 περισπωμένηῑ

198 3553 199 3562 ’
299 3563 325 3624 *)
341 3563 389 3618 Ex
407 3561 456 3618 tali
473 3561 657 3646 disputatione
674 3564 794 3626 (dixerat
811 3564 881 3618 enim
900 3565 935 3618 de
952 3565 1133 3632 dubitatione,
1151 3564 1196 3618 cui
1216 3577 1293 3616 roca·

230 3647 324 3701 bulum
340 3648 550 3720 ‹puyudeansam
567 3621 676 3718 dedit'
659 3668 696 3704 ru
715 3651 1028 3710 catholicatindoanuia
1044 3645 1326 3720 epitomer'elictum
1325 3679 1326 3712 ο

232 3731 301 3786 illud
319 3736 420 3788 nudum
437 3729 554 3805 φύγαδε.

298 3819 381 3886 Apud
399 3821 570 3876 Eustatlrium
586 3820 622 3874 ad
639 3823 677 3874 A.
695 3824 756 3878 446
774 3780 800 3892 p
820 3826 886 3886 8οῡ,
908 3826 943 3880 30
961 3836 1056 3876 rursus
1073 3821 1229 3890 exemplum
1244 3819 1326 3872 ba

231 3883 289 3952 ber,
308 3895 337 3941 ut
352 3888 458 3948 scholia
474 3905 525 3946 aua
541 3907 597 3952 uon
613 3890 758 3958 intelligat
867 3939 870 3946 .
