2748 4496
1075 273 1077 280 ’
1121 263 1199 340 263

109 460 365 552 Πρωτεσίλαος,
387 458 556 551 τράπεζα,
580 462 730 554 τρίαινα,
750 463 932 554 τρίγωνον,
955 459 1146 554 τριηκόσιος
1168 473 1202 530 et

109 562 320 654 τριηκοστός,
363 567 587 656 Τριτογένεια.
630 606 667 620 -
711 565 858 658 Κρόνος,
891 562 1029 655 χρόνος,
1065 564 1200 656 δρόμος,

107 663 248 758 βροτός,
271 665 403 758 ,κρόκος
435 673 470 734 in
503 674 665 754 genitivis
698 681 732 738 et
765 673 907 748 dativis,
942 673 985 736 de
1020 694 1086 758 quo
1120 693 1202 738 mox

62 815 70 822 -
109 775 210 858 plura
232 775 355 838 dicam.
379 809 416 822 -
441 771 637 853 ΧΧ1,302
660 797 749 840 nunc
771 778 823 840 sic
844 777 1006 858 legimusx

197 868 237 942 σύ
259 875 319 958 μὲν
341 868 427 956 ἅναξ
448 870 628 964 ἀμέλησεν·
642 875 683 968 ’ἐς
705 869 844 968 ὑσμίνην
866 876 904 944 δὲ
924 875 1074 966 μαχητὰς
1101 861 1105 868 ’

196 973 361 1065 deponere
382 972 613 1066 ἐβόησε,ντρὸς
635 971 738 1046 όστεα
767 981 975 1068 Δηριαδῆος,

75 1083 79 1092 “
196 1075 349 1164 σύμβολα
372 1077 538 1168 γινώσκων
559 1077 788 1167 κεχαράγμενα
814 1077 959 1170 μάρτυρι
982 1082 1099 1168 δέλτῳ.

112 1184 174 1250 Sic
206 1186 378 1272 scriptum
412 1205 456 1248 ex
489 1187 696 1250 coniectura.
757 1185 845 1252 Nom
874 1187 1005 1250 codicis
1028 1187 1128 1252 lectio
1150 1190 1202 1249 est

110 1283 180 1372 πρὸ
216 1275 338 1372 doceo,
374 1287 463 1352 unde
494 1288 642 1372 tabulam
670 1295 823 1354 nostram
853 1290 1075 1376 inspicientes
1098 1288 1202 1354 facile

25 1419 33 1428 ·
112 1389 195 1473 quid
219 1411 335 1454 verum
359 1394 403 1454 sit
426 1391 600 1458 elicimus:

199 1487 364 1578 θαρσόεις
385 1489 522 1579 ἐβόησε,
546 1485 739 1580 προάγγελα
760 1492 954 1582 Δηριαὸῆος

200 1589 544 1680 σύμβολαηινιόσκων
573 1630 615 1644 -

112 1698 191 1762 lloc
214 1700 313 1762 etiam
337 1704 532 1782 corruptum
556 1697 667 1780 XlX,
697 1699 760 1765 159

197 1796 337 1885 χρύσεον
358 1793 591 1888 ἀστράπτοντα
612 1799 715 1882 μέγαν
737 1801 887 1889 κρητῆρα
914 1795 1069 1878 δοκεύων,

169 1898 258 1997 ,οὐχ
281 1897 494 2004 ότιχρόσεος
515 1893 571 1988 ἦεν
594 1897 792 1990 ὑπέρτερος,
817 1898 887 1968 dlt’
911 1900 964 1970 ὅτι
985 1905 1123 2000 μοῦνον.

110 2001 283 2094 Χρύσεος,
305 2003 444 2094 χρύσεος
465 2007 525 2080 (cs.
539 2007 670 2072 'Wern
696 2007 833 2092 Tryph.
857 2029 890 2072 v.
912 2011 991 2086 513)
1004 2014 1037 2072 ct
1046 2005 1202 2096 χρύσειος

112 2112 324 2183 creberrime
346 2111 437 2194 apud
460 2109 618 2176 Nonnum
654 2110 890 2190 inveniuntur,
932 2111 993 2176 sed
1028 2132 1200 2196 nunquam

113 2212 321 2296 praecedens
343 2213 476 2296 syllaba
498 2213 705 2294 corripitur:
729 2233 792 2276 neo
816 2234 952 2290 eorum,
976 2235 1063 2298 quae
1084 2235 1201 2278 recen·

112 2319 260 2395 suimus,
284 2315 508 2388 similitudine
530 2312 735 2378 defenditur.
765 2313 963 2398 Legendum
985 2305 1060 2380 erit¹
1080 2309 1121 2380 οὗ
1141 2313 1202 2396 μὲν

112 2414 169 2482 ὅτι
187 2413 349 2502 χρύσειος,
372 2437 439 2500 qua
461 2415 607 2478 formula
628 2414 714 2480 nihil
736 2415 859 2480 Nonne
882 2416 1097 2482 familiarius.
1131 2417 1202 2482 Re·

113 2520 317 2584 stituendum
351 2518 438 2582 illud
471 2511 512 2582 ού
538 2517 599 2600 μέν
626 2537 698 2601 par.
726 2517 783 2598 A,
806 2521 848 2583 20
872 2539 933 2602 pro
957 2513 997 2584 dd
1019 2513 1101 2605 μὴνε
1123 2540 1201 2584 nam

112 2623 279 2688 vocabulo
301 2615 367 2706 μήν
389 2620 532 2686 Νοοοαε
554 2639 717 2704 nusquam
741 2640 820 2685 usus
849 2628 912 2688 est.

206 2723 379 2789 Accedunt
406 2724 467 2804 iis,
496 2743 583 2808 quae
611 2724 899 2810 enumeravimus,
926 2743 970 2788 ex
997 2722 1202 2810 paraphrasi
1313 2767 1318 2786 .

112 2827 200 2894 haec
232 2819 346 2920 (χρόην
378 2827 469 2890 enim
502 2827 549 2908 B,
581 2827 624 2894 36
658 2833 750 2889 recte
785 2825 916 2908 expulit
946 2826 1200 2904 Werniclrius):
1236 2882 1242 2892 ,

113 2921 293 3016 προφήτης
325 2949 440 3012 saepe,
475 2926 758 3013 νιροφοιβάσοωοι
790 2930 846 3010 A,
878 2930 953 2994 226.
992 2926 1201 3016 προέννειτον

111 3033 163 3104 Π,
200 3033 251 3096 12.
285 3025 431 3116 προόοίη
465 3032 550 3105 (uici
572 3026 760 3116 παραδοίη)
797 3034 845 3112 Ν,
869 3035 920 3100 11.
944 3025 1199 3118 αραήλοόονΡ,

114 3139 168 3202 23.
203 3127 441 3220 πραοόββατος
466 3135 513 3216 T,
546 3133 621 3198 226.
654 3126 828 3218 τριήμερος
867 3137 912 3211 Τ,
945 3137 1019 3201 223.
1050 3129 1201 3228 Κρανίου

117 3241 165 3319 Τ,
199 3238 250 3304 89.
281 3233 385 3302 ποσοὶ
415 3230 733 3322 χρονιζομένοιςοτ
761 3235 990 3322 pulcherrima
1012 3237 1202 3300 Hermanni

114 3340 358 3418 coniecturo*)
379 3341 435 3420 A,
458 3341 516 3406 372
535 3359 627 3423 ,quae
649 3339 762 3420 omnia
777 3345 828 3404 ex
849 3341 1062 3426 superiorum
1086 3339 1201 3404 analo-

112 3443 172 3524 gia
200 3449 289 3506 sunt.
341 3439 409 3505 Sed
438 3442 581 3508 liberius
609 3443 719 3526 egisse
747 3442 916 3514 dicemus,
942 3461 1017 3506 cum
1040 3441 1200 3508 admitte-

114 3546 173 3634 bat
194 3537 283 3629 πρός
301 3546 355 3618 Λ,
379 3547 431 3612 54.
455 3540 503 3623 Ξ,
524 3545 576 3609 72.
601 3538 682 3627 πρίν
709 3544 758 3619 Δ,
790 3547 860 3614 146.
889 3535 1055 3626 Χριστός,
1085 3564 1201 3628 quarn·

113 3667 214 3734 qupnr
237 3644 347 3721 tribus
368 3648 477 3736 polum
501 3645 603 3728 tocie,
624 3646 679 3726 Η,
703 3646 776 3716 lou.
799 3647 843 3731 Ρ,
865 3649 896 3716 9.
919 3648 962 3723 Σ,
992 3649 1044 3718 42.

115 3794 345 3812 Μ

116 3987 123 3998 .
182 3903 210 3964 *l
230 3907 264 3960 ln
293 3916 411 3959 censura
442 3899 576 3960 editionis
606 3901 810 3973 Possoviunae,
844 3903 1056 3961 Zimmermauni
1092 3901 1200 3983 Diariis

115 3997 231 4044 inseri&
960 4013 963 4020 ·
