2832 4494
130 180 298 293 [reo

99 485 104 494 ,
221 433 322 485 nuum
353 436 488 483 carmen
522 438 616 498 esse,
644 435 847 502 quamquam
873 417 930 482 bic
951 417 1025 482 illic
1047 417 1302 502 interpolatum,

222 521 391 584 constanti
430 519 572 606 quodum
612 519 755 584 consilio
794 523 993 603 persecutns
1027 523 1117 584 erata
1149 523 1302 583 attamen

222 619 313 686 hunc
339 622 448 706 ipsum
475 641 637 686 nonuno
664 621 741 686 loco
767 621 959 686 desciscere
985 640 1007 686 e
1033 638 1107 686 sese
1129 621 1300 704 intellige-

222 724 313 805 bam,
345 729 381 788 et
412 743 511 810 qnam
542 724 694 788 Graecae
721 721 856 806 linguae
886 723 1034 788 sciebam
1059 724 1301 806 peritissimum

223 845 315 909 osse,
345 847 418 892 enm
445 825 630 890 identidem
660 823 811 890 Graecae
837 826 970 908 linguae
992 828 1027 890 et
1048 826 1158 889 veteri
1180 823 1300 907 epico-

222 948 297 992 rum
324 930 408 992 mori
436 929 504 992 vim
533 929 657 991 afferre
685 925 841 991 videbam
871 933 906 992 et
927 925 1071 990 mirifice
1093 926 1129 988 in
1151 925 1218 988 hoc
1238 946 1300 1006 ge-

222 1049 303 1094 nere
339 1051 491 1113 peccare.
536 1027 648 1105 'Quod
681 1027 760 1092 huic
787 1027 920 1112 quidem
948 1029 1024 1092 viro
1047 1023 1206 1088 accidere
1227 1031 1298 1087 nou

222 1141 369 1215 poterat,
402 1133 467 1196 nisi
497 1129 603 1195 salsae
635 1129 823 1213 indulgeret
851 1127 1020 1211 opinioni,
1049 1145 1115 1209 qne
1143 1125 1299 1190 devincti

223 1239 257 1296 et
289 1233 478 1316 praepediti
512 1251 687 1313 peccamus
720 1249 845 1294 omnes.
898 1231 946 1294 Et
969 1242 1019 1292 est
1042 1249 1096 1292 res
1117 1227 1294 1312 proclivis.

222 1335 311 1400 Nam
340 1336 380 1399 si¹
403 1333 585 1418 particulas
612 1333 712 1396 modo
737 1332 904 1414 paululum
929 1330 1110 1410 deflectas,
1133 1333 1297 1413 qnantum

222 1436 411 1522 profecisse
432 1435 619 1500 rideberel·
642 1435 869 1517 Goettlingius
896 1453 995 1518 qaam
1017 1431 1158 1496 fluctuet
1179 1433 1298 1494 incer-

222 1546 276 1601 tus
298 1540 358 1603 alii
381 1539 548 1602 dixerunt
600 1537 736 1600 Accidit
758 1535 896 1615 deinde,
924 1533 1032 1619 quod,
1061 1553 1137 1596 cnm
1158 1551 1212 1598 me
1233 1531 1298 1596 de-

222 1647 352 1706 terrere
384 1645 515 1722 posset,
549 1637 658 1700 denno
692 1638 867 1700 excitarit.
923 1634 1070 1719 Scripsit
1102 1636 1227 1701 etenim
1249 1634 1296 1698 de

222 1741 290 1806 boc
311 1727 461 1826 poemate
485 1740 696 1804 Hermannus
719 1737 1002 1820 Goettlingianam
1021 1737 1204 1802 editionem
1217 1755 1298 1820 per-

184 1896 189 1900 ,
224 1864 361 1908 censens
394 1829 519 1924 Opusc.
553 1841 595 1904 T.
624 1839 696 1916 v1;
725 1841 931 1923 scripsitque
952 1839 1018 1904 hoc
1050 1839 1149 1903 modo
1171 1861 1204 1923 p.
1228 1839 1297 1902 222

223 1969 288 2030 „ex
320 1945 402 2011 solis
429 1941 585 2005 frustulis
616 1939 684 2004 boc
716 1919 850 2026 carmen
883 1945 1039 2006 constare
1067 1938 1297 2004 demonstrari

222 2075 288 2118 non
322 2045 454 2134 posse.“
509 2043 554 2106 nt
585 2042 621 2106 id
654 2043 729 2130 fere
756 2043 941 2132 ¹volueram.
985 2042 1098 2108 Habet
1118 2041 1186 2106 boc
1207 2040 1296 2106 Her-

223 2173 362 2220 mannus
384 2156 420 2212 ut
442 2147 513 2210 sive
535 2146 628 2208 dicat
650 2145 723 2208 sive
744 2148 860 2226 neget,
883 2143 1028 2212 mirifice
1040 2144 1186 2207 anianum
1198 2149 1293 2206 tuum

224 2255 368 2324 excitari
390 2251 533 2326 sentias,
557 2267 620 2310 nec
641 2245 703 2308 ille
722 2245 848 2327 ingenii
871 2246 1018 2330 impetus
1039 2247 1131 2312 sinat
1152 2231 1186 2334 te
1200 2227 1295 2328 quie-

126 2369 127 2374 ’
223 2381 330 2426 scere.
384 2350 554 2435 Spohnins
588 2369 662 2412 cnm
695 2347 805 2412 adhuc
838 2349 1105 2414 constantissime
1126 2350 1293 2412 rationem

224 2483 314 2536 cam,
342 2457 428 2522 unde
457 2473 519 2534 ego
541 2453 576 2514 in
599 2451 665 2514 alia
688 2450 801 2527 omnia
823 2448 977 2528 discedo,
1007 2453 1113 2516 tuitus
1133 2439 1293 2514 videatur

223 2568 267 2628 ad
296 2562 386 2626 bunc
415 2555 559 2618 maxime
586 2553 787 2634 respiciam:
817 2551 929 2616 omnia
957 2553 1108 2634 refutare
1134 2571 1200 2616 non
1223 2549 1294 2631 pla-

224 2675 292 2746 cet,
323 2660 420 2747 quod
434 2665 469 2746 et
489 2656 572 2718 mihi
594 2655 769 2716 molestum
792 2659 881 2716 esset
903 2659 936 2716 et
959 2655 1133 2718 molestius
1154 2651 1294 2734 legenti-

144 2767 151 2779 *
193 2813 199 2836 t
222 2772 299 2834 bus:
329 2784 406 2828 narn
428 2759 482 2823 vel
506 2759 557 2820 sic
578 2761 714 2838 praeter
736 2774 860 2818 morem
882 2759 1032 2820 nostrum
1056 2755 1146 2835 longi
1168 2753 1292 2818 suimus

221 2871 259 2948 in
281 2869 397 2938 rebus,
420 2867 457 2924 nt
479 2857 562 2922 mihi
584 2856 780 2933 videbatur,
803 2853 1026 2934 manifestis.¹
1054 2855 1121 2920 Sed
1144 2875 1199 2932 res
1221 2853 1291 2930 for,-

112 3005 116 3015 ι
222 2974 303 3036 titer
323 2961 550 3050 aggredienda
571 2963 655 3024 erat.
705 2958 913 3021 Deliberant
930 2956 1016 3020 haec
1038 2958 1174 3042 quidam
1197 2977 1291 3021 meae

221 3068 407 3138 sententiae
440 3061 578 3140 effinse,
597 3085 598 3089 ¹
619 3073 654 3124 ut
685 3038 924 3139 Thierscbius‚
958 3057 1182 3128 Welckerus:
1216 3060 1291 3144 plns
1397 3121 1398 3132 ,

222 3169 393 3260 praestitit
423 3164 459 3228 in
491 3164 627 3246 egregia
660 3162 940 3224 commentatione
972 3161 1208 3242 Twestenius,
1232 3147 1291 3236 sed

221 3277 350 3358 textum
383 3267 510 3360 ipsum,
544 3263 634 3348 qnod
662 3267 733 3344 jam
765 3266 832 3324 turn
865 3261 1035 3326 intellexit
1066 3263 1290 3350 necessarium

221 3396 295 3442 esse
323 3374 369 3456 (p.
398 3371 451 3456 bb.
470 3370 579 3451 squ),
604 3383 646 3426 ex
668 3363 855 3444 rationibus
876 3362 1017 3462 suispa
1039 3365 1160 3448 quibus
1182 3355 1291 3441 tamen

220 3476 306 3560 ipsis
327 3491 388 3538 nos
404 3471 616 3547 ,aliquantum
640 3464 861 3546 discedimus,
884 3463 1078 3560 describere
1101 3487 1167 3530 non
1190 3455 1291 3565 susti}

219 3579 319 3662 apin·
351 3571 522 3656 Equidem,
547 3573 690 3652 quantae
725 3586 779 3632 res
817 3565 982 3654 sit3aleae
1008 3588 1072 3632 nec
1093 3570 1209 3632 nescio
1231 3587 1292 3632 nec

221 3675 413 3744 dissimules
435 3670 494 3737 sed
518 3661 590 3735 ausi
612 3689 726 3734 sumus
748 3667 889 3754 aliquid,
913 3669 944 3734 si
967 3669 1002 3732 in
1026 3675 1291 3754 utramquepar-

220 3764 289 3844 tem
312 3782 440 3842 textnm
463 3772 660 3840 haberemus
681 3771 887 3854 descriptum
916 3776 952 3837 et
972 3772 1081 3838 oculis
1102 3775 1288 3854 subjectum

218 3883 256 3948 id
278 3879 422 3966 niaximc
443 3875 558 3942 studia
579 3876 802 3942 excitaturum
824 3871 923 3940 etad
944 3873 1122 3942 veritatem
1144 3871 1292 3940 efficien-
