2748 4496
189 285 268 388 256

105 504 108 518 ·
191 509 250 558 eas
271 485 386 573 leges,
408 500 492 572 quas
513 480 553 547 in
573 434 702 545 maiore
723 481 759 544 et
779 495 842 542 auo
862 472 1014 541 carmine
1031 445 1277 542 seuerissimus

191 599 328 664 secutus
349 591 418 664 est,
440 586 477 650 in
498 581 565 648 hoc
587 581 749 667 opusculo
765 580 948 644 laxaverit.
991 578 1037 642 Et
1058 577 1125 642 hoc
1145 586 1215 658 est,
1238 581 1276 644 in

51 688 57 699 ⁴
191 716 258 784 quo
286 698 405 760 nostra
434 686 620 773 disputatio
645 683 844 749 versabitur.
895 659 994 760 Quae
1016 701 1072 746 res
1094 701 1169 746 cum
1193 701 1275 768 pro-

190 798 315 867 cedere
346 796 494 878 nequeat
526 789 594 854 nisi
626 785 748 852 illae
738 803 835 870 npsae
863 781 1153 870 Dionysiacorum
1181 784 1276 868 leges

100 900 130 948 ”
191 899 410 970 accuratius
419 894 709 976 cognoscantur,
715 881 788 966 hoc
816 907 953 972 agemus
974 887 1093 970 itaque
1116 906 1188 952 reru
1209 907 1275 951 no·
1366 977 1367 980 ι

75 1039 88 1050 -
190 1009 295 1069 strum
316 996 534 1062 instituamus
556 997 594 1055 nt
615 1011 702 1076 quae
724 991 758 1054 in
780 989 1006 1074 Dionysiacis
1032 994 1183 1054 secutum
1214 980 1281 1054 ob·'

191 1103 403 1171 servavimus
435 1091 615 1180 portamus,
647 1089 729 1156 hino
758 1091 913 1176 exemplu
940 1097 1111 1174 petamus,
1134 1092 1275 1160 conten·
1366 1059 1367 1152 i

190 1181 310 1274 damus
331 1199 454 1267 deinde
477 1193 728 1279 Metaplrrasin,
750 1191 913 1258 monituri
939 1193 971 1260 si
993 1194 1078 1278 quid
1098 1195 1274 1260 inventum

190 1310 298 1380 suerit
319 1306 533 1387 discrepans,
555 1295 642 1360 nihil
664 1296 827 1362 monituri
850 1297 1123 1418 ubiconveniunt
1144 1296 1273 1364 omnia.

619 1441 773 1568 ur.

318 1661 466 1748 Dionys.
487 1643 553 1736 II,
582 1656 648 1725 III
672 1643 789 1739 ἠελίου
815 1651 854 1722 δὲ
882 1652 1044 1744 φανέντας
1065 1650 1136 1726 ἀπὸ
1164 1657 1274 1745 yimo-

779 1760 860 1836 σῶν,
883 1752 952 1825 ἀπὸ
974 1758 1102 1843 λαιμῶν

253 1929 255 1941 ,
308 1861 371 1953 ,εἷς
392 1861 514 1952 ἐνοπὴν
535 1853 731 1950 πολῦπηχυς
750 1853 958 1948 ἔπεβρνχᾶιο
983 1847 1155 1950 dommodo.

112 2009 114 2017 ι
164 2019 167 2040 ,
276 1969 357 2036 Hoc
388 1967 467 2034 loco
501 1963 677 2031 Graefiusr
709 1963 906 2048 „eleganter
927 1961 1195 2033 Rhodomannus
1216 1959 1274 2034 iii·

190 2057 382 2164 ρλῶααων.“
434 2065 716 2134 Emendationcm
750 2065 885 2152 quidem
916 2065 950 2132 ιι.
982 2067 1006 2134 ι.
1039 2089 1107 2134 non
1139 2075 1273 2136 tantum

190 2173 356 2274 elegantia
377 2171 514 2262 suadet,
536 2167 595 2236 sed
620 2188 758 2254 prorsus
779 2170 974 2236 necessaria
995 2175 1059 2236 est.
1102 2172 1273 2239 Constans

190 2266 308 2347 Nonni
341 2277 399 2343 lex
429 2286 504 2356 est,
532 2278 570 2340 ut
597 2273 727 2358 primae
755 2272 996 2338 declinationis
1018 2273 1162 2360 genitivi
1184 2296 1273 2346 uuu-

191 2402 291 2470 quam
325 2379 427 2444 aliter
452 2380 576 2444 exeant
603 2396 702 2462 quam
732 2375 768 2440 in
790 2367 870 2444 άων.
915 2375 1064 2468 Etenim
1064 2376 1184 2478 XVI,
1208 2380 1274 2445 loo

274 2472 315 2570 ἢν
339 2469 519 2568 Τελὲιην’
502 2469 679 2601 ονόμηιιεν,
702 2471 757 2544 dai
776 2472 974 2564 χαιρουσαν,
997 2451 1122 2568 ἑορτῶν

188 2588 257 2652 iam
278 2603 397 2664 sensus
419 2573 593 2666 flagitat'
573 2576 627 2646 αεὶ
646 2574 828 2668 χαίρουσαν
849 2575 998 2670 ἑορταῖς
1020 2583 1148 2654 ibidem
1162 2561 1273 2674 XIII,

166 2754 169 2786 ,·
187 2693 248 2758 461
274 2684 401 2774 πέτρην
421 2705 484 2770 pro
512 2684 652 2769 πετρῶν.

187 2865 190 2878 .
275 2823 355 2898 Non
378 2824 473 2888 recte
495 2819 615 2904 igitur
621 2819 763 2900 Βακχῶν
784 2841 847 2906 pro
868 2813 1004 2904 Βάκχον
1026 2828 1141 2912 posuit
1164 2827 1276 2896 Grae·

80 2929 81 2935 '
170 2929 253 2996 'iius
276 2925 391 3006 XXI,
414 2923 492 3002 1483
515 2919 681 2998 XXVII,
704 2925 778 2990 lot.
803 2925 883 3002 149,
905 2925 1037 3010 XXX,
1059 2931 1276 3016 Iddetuliis

187 3027 389 3120 quibusdan
417 3025 505 3090 locis
533 3044 595 3110 pro
622 3019 760 3108 Βάκχων
787 3027 1000 3096 inferendum
1021 3053 1096 3099 esse
1118 3037 1275 3122 suspica-

187 3143 244 3202 tus
276 3137 345 3216 est,
377 3147 580 3214 quamquam
607 3128 694 3194 nihil
722 3133 831 3196 minus
858 3136 1104 3222 necessatium,
1127 3159 1160 3206 u.
1186 3161 1217 3206 e.
1239 3161 1274 3226 g.
1366 3173 1367 3180 ι

187 3213 582 3314 xxv11,165.177.
641 3230 758 3298 Offert
794 3254 832 3300 se
871 3235 1018 3324 denique
1054 3241 1145 3309 idem
1179 3244 1274 3310 Βακ-
1366 3217 1367 3222 ¹

158 3374 159 3378 ¹
186 3341 254 3424 χῶν
257 3333 418 3416 XLIV,
440 3319 533 3400 260

368 3443 375 3458 ’
467 3433 564 3519 μέλει
582 3429 621 3502 d
635 3430 755 3521 ἒμοι”
733 3463 832 3529 οργια
852 3443 993 3526 Βακχῶν

310 3565 312 3570 ·
358 3533 543 3626 ὑμετέρων,
567 3535 620 3608 o'u
641 3545 720 3626 γαῖα
742 3547 854 3632 φυτῶν
875 3539 977 3614 ὠδῖνα
999 3545 1188 3618 namurensi

188 3649 251 3714 sed
274 3667 314 3712 ao
337 3663 480 3732 quoque
494 3643 585 3722 loco,
612 3665 814 3750 quamquam
837 3649 924 3715 nihil
948 3658 1078 3723 monuit
1100 3657 1274 3739 Gradiue,
1366 3637 1367 3676 i

188 3760 323 3818 veteres
351 3746 517 3812 editiones
544 3741 696 3830 Βάκχων,
725 3732 847 3838 quod'
838 3773 947 3838 ipsum
971 3777 1088 3824 verum
1111 3768 1183 3842 est,
1206 3762 1276 3824 nisi
1366 3733 1367 3786 1

189 3854 285 3920 forte
304 3845 446 3930 Βάκχον,
460 3847 620 3916 malueris
639 3855 703 3927 (es.
727 3855 877 3932 XLIV„
899 3859 953 3926 Id.
975 3864 1028 3927 46.
1053 3864 1144 3942 167).
1188 3865 1276 3930 Cer·
1366 3927 1367 3930 ,

109 3949 121 3966 ‘
188 3964 261 4024 tum
294 3957 405 4021 autom
436 3958 505 4028 est,
538 3953 846 4040 interpunctionem
879 3966 1079 4032 mutandum·
1099 3985 1201 4060 ⁴ensa,
1237 3973 1277 4034 ut
1366 3933 1367 3960 ¹
