2736 4486
96 367 101 374 Ι
166 260 251 337 162·

114 499 117 511 =
248 442 404 529 Thomas
427 461 475 526 M.
501 459 552 526 sic
585 457 709 525 scribit
731 481 761 543 p.
784 461 847 525 371
871 427 1025 525 Bitschis
1044 453 1216 549 ὑψιπέτης
1239 455 1258 525 ὃ

165 557 322 656 εἷς’ῧψος
344 558 543 647 πετόμενος·
566 554 737 653 inponente
758 559 796 634 ds*
817 554 836 626 ὁ
859 558 897 640 ἐξ
916 557 1028 652 ὕψους
1049 554 1171 628 πεσών.
1184 556 1258 642 ὡς-

57 651 61 666 ’
165 663 301 747 αὕτως
316 664 393 741 ικαὶ
414 663 626 753 donnico&
646 662 716 732 καὶ
737 655 1256 752 δρυπειήςκαὶὸσατοιαῦια.

165 769 273 837 Vides
308 793 407 858 quam
440 769 509 833 hoc
541 763 693 852 ineptum
726 768 793 834 ait:
827 766 890 832 sad
917 767 1012 830 nniio
1033 768 1070 830 in
1088 769 1256 832 vocabulo

95 907 105 936 s
164 873 232 930 tam
255 863 345 946 mala
366 861 566 926 conditione
589 869 731 931 utimur:
753 869 807 934 sic
829 862 1042 931 contusionis
1064 866 1156 931 inter
1177 865 1258 952 δρυ-

165 987 267 1053 πειης
306 971 339 1029 et
378 963 552 1048 δρυπεπης
593 963 798 1039 constantia,
827 977 989 1030 accontus
1027 965 1259 1033 inconstantia

33 1054 35 1060 ¹
165 1087 314 1148 omnem,
339 1087 425 1151 qnae
449 1068 483 1128 in
507 1063 573 1128 boc
596 1066 765 1129 vocabulo
788 1066 870 1149 poni
891 1068 1002 1150 possit
1025 1073 1256 1154 opera,vide·

162 1177 218 1235 tur
252 1179 416 1234 evertere.
463 1167 564 1251 Apud
590 1165 750 1233 Eustath.
781 1190 812 1252 p.
835 1171 916 1251 ont,
939 1171 993 1245 39,
1017 1173 1046 1234 si
1070 1172 1157 1236 haec
1178 1193 1255 1235 cum

165 1296 195 1358 p.
226 1275 327 1353 1726,
344 1275 371 1338 ’6
393 1271 468 1346 (nbi
496 1271 731 1356 περισπῶνται
751 1271 816 1354 leg.
841 1287 905 1354 pro
927 1265 1254 1360 προπαροξύνονται,

163 1377 256 1462 quod
289 1375 503 1458 immigravit
536 1393 581 1458 ep:
613 1393 716 1440 versu
750 1379 931 1458 sequente)
964 1381 999 1439 et
1030 1377 1112 1455 tit,
1147 1377 1189 1441 19
1221 1381 1257 1442 et

164 1471 242 1544 A'th.
275 1499 307 1563 p.
337 1479 380 1544 56
404 1475 644 1556 conferuntur,
668 1477 847 1562 apparebit
869 1475 1054 1562 δρυπέπιις
1075 1483 1112 1542 et
1133 1477 1259 1566 δρυπε-

165 1585 242 1656 πεῖς
252 1573 467 1646 scribendum
482 1601 556 1667 esse
569 1599 632 1666 pro
646 1599 682 1660 ις
706 1585 740 1642 et
751 1579 851 1643 docet
860 1581 938 1659 iiie,
952 1578 1137 1666 δρυπεπεις
1163 1587 1258 1646 utro-

161 1705 227 1768 quo
258 1681 402 1749 accentu
440 1684 561 1764 scribi,
596 1682 657 1748 sed
698 1679 884 1748 secundnm
922 1683 1136 1768 antiquiores
1168 1683 1257 1750 scri·

146 1770 308 1850 *bendum
331 1804 406 1851 esse
427 1789 672 1870 paroxytonos.
1110 1791 1117 1804 '

250 1940 444 2004 Doctorum
462 1940 615 2006 virorum
637 1936 682 2002 ne
703 1935 760 2004 bis
781 1937 957 2003 vocabulis
979 1938 1184 2026 diversaque
1205 1941 1254 2006 si·

160 2041 386 2125 gnificationa
424 2041 728 2108 commentationes
766 2047 867 2106 notae
895 2049 985 2108 sunt.
1040 2045 1097 2108 Ex
1130 2045 1254 2130 quibus

135 2135 149 2221 i
163 2147 247 2228 ipsis
276 2146 312 2213 in
342 2149 488 2230 utroque
516 2145 682 2210 vocabulo
704 2135 1083 2229 utrumque¹acoentum
1108 2147 1253 2230 reperiri
1303 2158 1307 2178 ¹

130 2230 304 2332 'apparet
332 2259 367 2312 at
395 2266 497 2312 voces
524 2248 618 2333 ipsas
647 2247 826 2332 permultis
847 2248 935 2314 locis
956 2269 978 2314 a
1000 2249 1152 2314 librariis
1175 2271 1256 2313 con-

149 2341 370 2426 ιΐιιειιειεεε.
393 2345 567 2437 doomonte
588 2349 698 2436 (qnod
720 2357 772 2416 est
794 2371 815 2414 a
835 2352 955 2430 verbo)
978 2371 1022 2417 ex
1044 2352 1162 2436 regula
1185 2360 1253 2418 estt

162 2454 242 2521 hinc
264 2456 367 2519 etiam
390 2453 461 2520 dici
484 2454 637 2536 potuisse
665 2451 864 2534 δρυπέιεεις,
889 2461 926 2518 ut
948 2454 1252 2538 snepebonicodd.

161 2553 340 2631 exhibent,
370 2574 448 2623 cnm
470 2557 524 2638 vel
540 2557 666 2620 omisso
689 2553 801 2622 ἐλαῖαι
813 2557 868 2621 vel
880 2549 1012 2638 ἰσχάδες
1024 2565 1119 2622 recte
1131 2564 1164 2622 et
1176 2577 1255 2640 pro·

161 2659 237 2744 prie
265 2657 496 2744 proferretur,
526 2659 633 2724 facile
658 2658 756 2724 credi
780 2665 902 2742 potest.
927 2652 1093 2745 δρυπειῆς
1115 2658 1254 2724 videtur

154 2763 270 2826 minus
305 2761 340 2824 in
375 2760 479 2826 olivis
514 2759 621 2826 fixum
654 2760 1180 2842 fuissctapudAeIian.XV1,
1213 2762 1255 2826 18

162 2862 246 2928 mihi
275 2863 323 2949 τῷ
351 2854 549 2953 innitimini
582 2865 742 2954 ὀρυιιετεῖ
761 2865 875 2948 aptius
898 2864 1067 2941 videtur),
1099 2873 1134 2930 et
1156 2865 1255 2928 vide-

163 2972 219 3033 tur
240 2967 344 3058 ctiam
365 2965 402 3028 in
425 2965 524 3032 libris
553 2960 720 3055 δρυπετὴς
740 2966 890 3035 inveniri
913 2967 1059 3052 saepius.
1083 3003 1127 3018 -
1147 2962 1190 3034 Εἰ
1214 2962 1252 3032 δὲ

161 3063 208 3154 μὴ
231 3065 343 3144 καλῶς
364 3064 454 3154 teyo
477 3065 517 3136 σὺ
545 3064 631 3136 νίκα.

670 3257 698 3340 §.
721 3259 779 3332 8..

256 3425 354 3504 Quae
385 3432 465 3497 sunt
497 3431 539 3494 ab
571 3429 757 3496 adiectivis
789 3429 825 3491 in
851 3420 907 3506 aig,
935 3433 1102 3512 oxytonm
1140 3426 1254 3491 Unum

171 3523 329 3617 πυὸώκης
349 3538 527 3615 exceptum
552 3539 621 3615 est,
645 3534 734 3616 quod
758 3551 858 3617 qnam
881 3529 1016 3596 firmum
1038 3531 1159 3603 suerit„
1187 3531 1252 3594 etsi

171 3633 309 3716 quidam
333 3635 379 3714 B,
401 3637 464 3701 764
495 3633 671 3712 coioniae
693 3655 834 3720 poscere
856 3636 1050 3714 annisum,
1074 3653 1118 3698 ox
1141 3633 1255 3696 Hero*

133 3765 142 3786 ·
173 3735 282 3800 diani'
300 3740 584 3804 commentatione
617 3739 661 3803 ad
693 3759 769 3806 enm
800 3741 914 3804 iocum
952 3739 1124 3820 intelliges
1152 3738 1255 3820 (quae

174 3843 344 3905 mutuatus
366 3845 418 3906 est
435 3840 638 3907 Enstntbina
660 3841 706 3908 ib.
730 3863 763 3926 p.
784 3843 866 3921 340,
889 3841 962 3919 tbi:
985 3840 1162 3916 ποδωκεας
1182 3833 1257 3912 (in-

174 3939 401 4038 πουςνιινές
423 3935 469 4021 ὡς
490 3937 665 4028 εὐσεβέας·
688 3941 745 4010 καὶ
767 3937 874 4020 οὕτως
896 3937 985 4028 αἱρεῖ
1005 3933 1024 4008 ὅ
1048 3936 1165 4028 λόγος,
1188 3933 1258 4025 εἴγε
