2736 4486
225 475 336 576 ‘Ergo
356 487 448 556 iuter
468 483 532 554 bos
554 505 618 553 noa
640 487 678 552 id
699 485 948 571 disputabatur,
969 487 1223 556 situiiasubso-
1296 479 1300 486 ’

159 592 295 677 queatis
321 591 508 676 particulae
536 596 710 656 accentum
731 590 926 674 reciperent
948 597 1058 654 utrum
1080 589 1245 654 αἰρεσιν.
1291 597 1295 620 ·

161 693 272 766 flexus
299 695 387 756 esset
414 707 457 752 uu
488 692 606 754 acutus
631 688 722 762 (nam
750 688 925 752 constabat
945 689 988 770 de
1010 696 1143 771 acuto),
1165 692 1225 758 seii
1283 694 1285 704 '

160 815 205 862 aa
235 790 601 873 oraoinoreeiperent.
655 787 774 873 Neque
801 789 865 854 boc
893 789 1028 856 dubium
1050 798 1125 856 erat
1148 813 1226 875 pro·
1256 769 1260 790 ’

161 895 272 981 prium
299 893 435 956 iliorum
455 898 629 958 accentum
651 910 724 956 esse
745 889 1016 962 circumflexumr
1039 901 1118 973 suoi
1137 895 1223 959 eninr

162 999 426 1080 interrogativa,
447 1013 533 1078 qaae
554 993 613 1058 ubi
634 990 817 1083 indefinita
831 991 1078 1075 significatione
1100 1015 1229 1080 ponua-

161 1105 235 1179 tur,
268 1095 426 1163 enclitica
457 1094 559 1170 fiuai3
592 1095 644 1158 sic
675 1091 740 1160 hoc
772 1094 843 1158 iliis
886 1093 989 1175 locis,
1028 1097 1086 1179 qui
1132 1119 1227 1180 prae·

164 1203 261 1286 cipue
290 1199 386 1264 nobis
416 1197 451 1260 iu
478 1195 544 1262 hac
565 1195 720 1260 doctrina
742 1195 885 1262 adeundi
907 1192 1018 1277 erent,'
1041 1198 1230 1266 Herodiaui

164 1308 198 1368 et
227 1300 392 1368 Characis
418 1298 530 1384 posita
556 1299 719 1364 iuvenies.
747 1299 791 1364 cs.
815 1299 872 1364 Jo.
895 1299 948 1363 ΑΙ.
972 1301 1025 1366 31.
1069 1301 1114 1366 Et
1134 1302 1231 1365 ilium

162 1424 307 1484 rnorem,
330 1421 428 1488 quem
449 1397 548 1464 mode
570 1419 614 1480 es
635 1399 796 1486 prosodia
805 1399 913 1465 Iliaca
923 1401 1156 1486 cognovimus,
1179 1409 1233 1469 te-
1356 1469 1359 1486 ,

102 1511 105 1516 “
164 1509 223 1572 net
241 1506 278 1570 iu
300 1501 479 1569 catholica.
492 1487 616 1568 broad.
638 1522 671 1585 p.
694 1502 757 1566 146
777 1493 807 1566 εἰ
828 1499 865 1567 δὲ
886 1497 1106 1588 παραλλήλων
1128 1493 1231 1569 ὄντων
1320 1520 1322 1526 ·

165 1604 367 1692 ἒμιλισικιῦν,
399 1597 434 1672 ἐν
467 1603 515 1692 τῷ
545 1599 669 1686 μεταξὺ
699 1599 978 1689 περισπωμένων,
1010 1595 1056 1680 ὥς
1085 1599 1143 1669 ἐπὶ
1174 1605 1234 1670 τοῦ

166 1709 254 1788 ποῦ,
276 1708 342 1796 πῆ,
365 1700 533 1788 notabat
548 1699 636 1786 μετὰ
657 1703 755 1770 τοῦτο
776 1699 972 1790 ἐπιφέροισα
995 1699 1108 1791 ἕτερον
1128 1700 1233 1790 ἐγκλι-

166 1803 275 1892 ιικόν,
307 1809 406 1874 τοῦτο
439 1803 478 1872 τὸ
507 1797 759 1892 περισπώμενον
787 1798 844 1870 ὅτε
874 1804 1084 1891 περισπᾶσαι
1111 1803 1167 1874 διὰ
1194 1805 1234 1874 τὸ

167 1909 311 1996 ἐγκλῖναι
340 1907 397 1975 τὸν
428 1903 520 2004 λ’(λισνἸ
548 1903 642 1972 τόνον
675 1909 782 1990 (iege,
817 1907 907 1992 qaod
930 1927 984 1974 res
1004 1909 1081 1994 ipsa
1101 1904 1233 1989 suadet,

163 2003 240 2080 οὔτε
267 2011 474 2100 περισπᾶσαι
506 2016 542 2076 ei
563 2013 673 2076 insere
710 2009 767 2072 iric
789 1999 866 2074 οὔτε
889 2001 1069 2090 ὀξὺνσσσιλ·
1092 2008 1166 2080 ἐπεὶ
1188 2014 1234 2098 μή

167 2109 314 2202 πέφυκεν
344 2105 366 2196 ἦ
398 2107 632 2200 περισπωμένρ
664 2107 749 2178 κατὰ
777 2106 815 2174 τὸ
843 2107 952 2176 κοινὸν
973 2108 1056 2190 ἔθος
1076 2115 1236 2200 συστολῆς

167 2213 217 2305 μὴ
228 2209 547 2302 παρακολουθούσης
559 2214 714 2296 (cogitat,
736 2211 772 2276 ni
792 2211 1236 2306 iuiior,dequibusdarnarl·

167 2319 294 2384 rerbiis
322 2337 408 2400 quae
434 2318 544 2400 tangit
565 2315 645 2382 Arc.
673 2337 706 2400 p.
736 2314 815 2394 182,
837 2316 867 2390 9,
891 2316 948 2379 ubi
970 2337 1032 2400 pro
1054 2319 1111 2383 νῦν
1131 2319 1153 2384 Ι.
1175 2321 1235 2401 μῦ)
1271 2382 1274 2398 ,

164 2413 216 2498 εἷς
244 2413 354 2498 ὀξεῖαν
379 2415 642 2504 μετατίθεσθαι,
671 2405 742 2482 οἷον
768 2406 810 2482 oii
841 2437 896 2482 πω
923 2407 986 2482 ἔστ’
1010 2419 1033 2484 Ι.
1060 2411 1125 2486 ἐστ’
1145 2411 1237 2505 Ἅρὲ.

167 2519 246 2604 ios,
269 2515 386 2608 ἐνμᾶρ
405 2521 448 2608 τῇ
468 2513 508 2588 οὗ
530 2513 705 2606 διφθόγμρ
734 2509 821 2605 μόνῃ
851 2507 873 2604 ἡ
906 2511 1015 2596 ὀξεῖα,
1046 2509 1070 2606 2³2¹
1098 2526 1237 2600 ποιναῖς

144 2644 250 2714 ,σφιν
270 2611 363 2690 εἶπεν
386 2617 422 2688 ἐν
446 2613 540 2708 arii}
572 2618 628 2688 καὶ
659 2615 694 2688 ἐν
723 2620 771 2706 τῷ
801 2611 899 2707 atesi
933 2613 1025 2698 ὀξεῖα
1053 2613 1235 2706 ἄνθρωπόν

168 2717 243 2794 τινά
264 2747 331 2792 που
352 2719 436 2812 φησὶ
455 2725 492 2799 (Ι.
516 2723 613 2811 φησι)
643 2720 812 2808 μελῳδεῖν.
833 2715 935 2790 πάλιν
956 2718 990 2789 ἐν
1011 2718 1052 2810 τῇ
1072 2744 1139 2789 που
1160 2723 1235 2794 coi·

170 2825 259 2915 λαβῇ
291 2823 347 2894 καὶ
376 2826 419 2914 τῇ
450 2848 492 2890 να
513 2819 533 2911 ἡ
556 2817 648 2904 ὀξεῖα
668 2819 813 2890 τίθεται.

254 2927 428 2993 Eustathii
448 2927 656 3010 temporibus
677 2925 829 2992 ridemus
850 2923 957 2994 fuisse
977 2925 1234 3014 quiscribereat

172 3020 270 3096 iiiios
297 3029 366 3096 ποῦ
393 3051 482 3108 τινα,
513 3019 579 3116 ἶν’ρα
607 3028 663 3092 mi
684 3050 780 3116 σφιν,
803 3035 938 3096 servato
959 3030 995 3094 in
1019 3028 1072 3092 his
1093 3032 1235 3096 circum-

171 3133 264 3198 flexo
290 3133 446 3218 proprio,
474 3129 555 3194 hine
581 3131 681 3214 etiaru
703 3131 890 3196 scribentes
912 3132 1067 3198 πῶπσνει
1089 3133 1163 3218 ipse
1183 3133 1236 3197 ni-

172 3238 260 3300 titur
280 3255 342 3320 pro
371 3227 439 3300 πού
461 3255 548 3314 τινα,
571 3225 626 3298 πώ
648 3253 727 3322 σφιν
749 3234 800 3314 (ut
821 3234 1032 3298 Ptolemaeus
1054 3237 1237 3329 scripserat

139 3405 144 3416 ,
170 3337 252 3402 olim
280 3326 321 3401 αἴν’
348 3328 420 3411 πώς
447 3327 518 3416 eri),
548 3355 633 3420 quae
661 3336 799 3400 videtur
827 3343 897 3400 ium
918 3337 1134 3420 plurimorum
1157 3358 1237 3400 cou-

173 3437 315 3516 suetudo
343 3435 448 3502 fuisse
478 3439 738 3521 (praescribitur
759 3439 838 3502 item
862 3457 882 3502 a
903 3437 1105 3520 nescioquo
1127 3437 1234 3506 sciroi.
1295 3429 1300 3439 ’

172 3541 205 3606 A
236 3545 270 3604 et
299 3535 337 3604 V
368 3539 412 3604 sd
443 3539 495 3620 A,
517 3541 612 3618 542),
633 3542 809 3605 nitentium
831 3541 866 3603 in
888 3531 1040 3604 πῶπσνει
1069 3537 1126 3601 hic
1146 3540 1236 3603 enim

171 3641 359 3726 antiquitus
384 3640 530 3706 traditus
552 3642 586 3706 ia
610 3661 649 3704 eo
672 3643 835 3706 vocabulo
857 3644 1017 3704 accentus
1040 3645 1121 3702 erat.
1167 3639 1234 3704 Aa·
1340 3641 1344 3647 “

172 3743 280 3828 tiquis
302 3739 386 3808 irsec
407 3763 474 3810 rex
496 3741 659 3818 [Atticam
683 3741 822 3824 dicunt,
843 3761 919 3806 narn
943 3741 1028 3824 apori
1054 3725 1234 3806 riomerum

172 3843 381 3908 scribebatur
413 3868 468 3911 πω
501 3867 583 3912 ποτε
614 3843 788 3910 distractis
820 3841 976 3916 vocibus)
1005 3841 1232 3930 mensurata,

172 3948 264 4032 quod
291 3947 422 4014 unicum
450 3953 524 4014 crat
545 3948 732 4034 exemplum
755 3944 931 4017 cuciiticaa
952 3943 1176 4032 compositae,
1199 3965 1231 4012 v.

673 4053 676 4064 .
989 4048 1012 4114 9
1288 4049 1291 4058 .
