2832 4494
278 1807 307 1886 ὦ
333 1815 470 1912 φίλοι,
496 1816 544 1889 οὐ
563 1813 635 1911 γάρ
655 1815 683 1890 τ’
705 1815 822 1906 ἴδμεν
843 1817 927 1915 ὅπῃ
949 1820 1075 1916 ζόφος

529 1918 611 1992 οὐδ’
633 1919 716 2014 ὅπῃ
737 1917 827 2014 η’ὥς.

139 2079 309 2186 Hesiodi
330 2121 467 2197 opernm
489 2117 526 2177 et
546 2111 677 2180 dierum
699 2109 879 2198 editiones,
902 2119 1019 2202 quales
1039 2117 1214 2186 hodieha·

140 2206 274 2300 bemus,
293 2219 363 2301 jam
384 2215 444 2281 diu
465 2219 519 2280 est
545 2233 590 2280 ex
611 2235 677 2302 quo
698 2211 772 2283 sine
793 2219 1024 2306 indignatione
1044 2223 1214 2306 inspicere

141 2341 208 2387 nou
230 2339 417 2404 possumus.
462 2317 557 2396 Quae
574 2317 659 2382 mihi
679 2317 869 2404 indignatio
891 2321 978 2388 hanc
998 2327 1144 2389 extorsit
1162 2325 1213 2388 di·
1269 2373 1272 2380 ι

142 2423 437 2508 sputatiuuoulam.
484 2421 572 2487 Naro
601 2420 728 2486 licebat
752 2421 935 2504 subirasci,
964 2427 1054 2507 quod
1082 2428 1212 2490 invete-

144 2531 240 2605 ratae
261 2529 390 2588 tantum
412 2523 489 2590 dari
510 2521 664 2607 opinioni
686 2518 936 2606 postulabatur,
957 2537 996 2591 ut
1017 2529 1158 2591 contusa
1178 2535 1215 2590 et

142 2627 343 2694 conturbata
371 2626 454 2690 bene
480 2629 514 2690 et
540 2626 638 2708 plano
665 2625 850 2710 procedere
870 2627 1100 2693 crederemus:
1123 2629 1213 2712 qnod

141 2729 279 2810 priscae.
295 2727 480 2811 sapientiae
491 2727 847 2792 monumentabellnlis
857 2730 1036 2794 sententiis
1054 2731 1214 2794 brevibus

143 2851 208 2916 que
230 2829 492 2895 narratiunculis
512 2829 670 2894 conclusa
680 2825 872 2894 adventicio
884 2829 1051 2896 inculcato
1062 2853 1215 2898 connexu

144 2932 195 2996 ita
216 2929 507 3011 reformabantur,
529 2943 566 2994 ut
586 2951 672 3015 qnae
694 2949 769 2994 oum
791 2931 966 3014 voluptate
986 2931 1053 3016 legi
1066 2949 1213 3018 possent,

144 3033 290 3099 sirecte
312 3033 519 3116 legerentur,
547 3033 653 3116 paene
674 3030 827 3102 taediosa
855 3031 992 3115 tierent,
1020 3055 1216 3123 omnemque

146 3133 350 3222 elegantiam
377 3137 546 3200 exuerent.
595 3131 762 3218 Equidem
785 3151 860 3197 oum
882 3135 1071 3216 complures
1092 3134 1215 3203 abhinc

145 3257 252 3303 annos
274 3235 542 3302 adolescentibus
562 3235 629 3301 hoc
651 3257 784 3302 carmen
807 3235 1036 3319 explicaturus
1057 3261 1100 3306 ne
1112 3242 1218 3306 variis

144 3345 185 3405 et
202 3339 348 3404 diversis
368 3339 590 3404 conturbarer
601 3339 811 3424 opinionibus
824 3339 897 3404 sola
914 3339 1055 3423 Spobnii
1069 3341 1218 3406 editione

147 3439 328 3526 adsumpta
354 3459 408 3504 me
439 3441 645 3506 insinuarem
672 3441 756 3504 illuc
784 3457 863 3502 mox
891 3441 1032 3504 videbar
1053 3447 1220 3525 persenti·
1303 3461 1307 3468 ’

148 3559 245 3609 acere
266 3543 349 3628 quid
375 3543 427 3607 rei
448 3550 554 3620 esset,
576 3549 610 3608 et
631 3561 730 3626 quam
752 3560 796 3605 ex
816 3539 902 3623 ipsis
923 3545 1100 3608 sententiis
1121 3545 1219 3611 imbi-

148 3645 265 3710 beram
303 3645 514 3729 opinionem,
546 3663 588 3710 ce
620 3641 911 3707 observationibus
944 3645 1143 3726 quibusdam
1177 3647 1219 3714 de

149 3743 392 3812 sententiarum
413 3745 632 3811 adornatione
652 3749 771 3823 sponte
793 3741 915 3805 oblatis
936 3737 1136 3812 confirmata
1158 3763 1217 3814 est.

149 3847 196 3914 Et
224 3849 314 3914 sensi
335 3848 483 3915 sortasse
504 3847 640 3914 facilius
662 3848 704 3911 ob
725 3843 791 3908 boc
812 3842 937 3926 ipsum,
966 3843 1056 3929 quod
1077 3847 1220 3934 Spobnii

149 3947 332 4017 editionem
358 3952 576 4036 arripueram.
627 3949 691 4015 lile
719 3950 807 4013 enim
833 3943 900 4010 boc
925 3965 1026 4012 unum
1047 3956 1083 4017 et
1110 3960 1221 4019 corni-

927 4050 997 4114 1²*
