2832 4494
1176 195 1263 298 ιοιι

154 423 245 490 quae
278 399 406 467 similia
438 401 629 467 afferuntur
662 420 683 468 a
715 401 822 470 verbo
857 401 962 468 dueta
994 399 1160 468 feminina
1188 405 1250 480 (ef.

155 510 295 592 praeter
325 506 425 570 locos
457 504 585 570 citatos
618 503 674 570 Et.
699 523 728 570 s.
749 498 890 587 λάχεια,
919 499 1039 590 λίγεια.
1064 505 1178 572 Crem.
1200 507 1249 572 11.

157 631 196 696 p.
222 609 299 678 23⁷.
329 610 403 674 leo.
428 607 508 681 178)
532 599 751 692 paroxyton'a
772 610 897 691 partim
921 608 991 673 ulio
1014 609 1116 672 modo
1138 610 1250 695 expli·

152 711 230 780 cari
263 714 424 798 possunt,
458 717 498 776 nt
524 706 663 796 θέριια,
694 711 820 793 partim
850 712 990 796 propria
1015 716 1110 791 sunt,
1136 717 1249 780 tamen

152 837 262 900 paene
304 811 513 879 crediderim
551 833 590 879 ro
627 832 712 879 vera
749 804 876 879 θάλεια
915 814 967 878 sic
1000 811 1129 878 factum
1162 835 1248 884 esse.

154 918 384 984 Buttmaunue
405 915 562 1002 quidem,
596 915 656 1000 tlui
687 914 779 982 bunc
805 916 968 982 traditum
1001 922 1179 984 accentum
1213 918 1250 984 in

154 1020 386 1105 suspicionem
410 1019 551 1086 vocavit
573 1020 611 1084 in
633 1039 774 1106 gramm.
796 1040 831 1104 p.
853 1021 936 1094 253,
963 1018 1161 1084 femininum
1186 1021 1249 1086 ad·
1348 1097 1352 1114 Ι

157 1124 281 1190 iectivi
301 1115 415 1200 θαλάς
438 1142 517 1188 esse
537 1121 657 1196 voluit.
695 1121 877 1213 Namtalo
899 1122 1108 1188 adiectiunm
1130 1121 1248 1201 fuisse,

155 1225 303 1308 primurn
313 1221 480 1310 apparere
502 1244 547 1290 ex
558 1225 711 1308 genitivo
722 1221 860 1293 aalma
880 1224 922 1290 ll.
945 1227 997 1300 Χ,
1019 1227 1099 1302 504,
1124 1225 1249 1292 deinde

156 1347 204 1394 ex
224 1329 331 1394 verbo
354 1319 501 1392 θαλάνιο.
537 1327 583 1392 nt
605 1325 691 1392 illud
712 1324 850 1396 θαλέων
870 1328 960 1394 unde
982 1328 1028 1393 sit
1049 1327 1247 1396 dubitabile.

156 1429 348 1512 Nedicarn,
373 1427 654 1496 fortassetamen
676 1450 751 1495 esse
769 1419 794 1496 a
814 1424 944 1518 θαλής,
966 1451 1169 1516 quamquem
1183 1430 1250 1496 boc

158 1533 376 1600 rarissimum
405 1551 511 1616 genus
549 1530 767 1597 formationis
795 1537 909 1616 est*),
936 1532 1249 1602 commodissimum

159 1636 301 1704 ridetur
329 1636 456 1700 ducere
486 1633 575 1700 illud
602 1653 625 1700 a
651 1626 781 1712 θάλεα,
804 1637 898 1722 quod
919 1635 1147 1704 Buttmannu's
1170 1659 1249 1721 pro-

158 1745 238 1825 pter
264 1737 506 1804 abhorrentem
534 1735 821 1822 significationem
843 1739 1030 1824 singularis
1056 1733 1169 1818 θάλος
1192 1761 1247 1806 re-

159 1848 216 1907 cte
248 1841 327 1906 fieri
359 1846 470 1925 negat.
529 1839 673 1908 Veteres
705 1849 800 1906 certe
830 1839 995 1910 θαλέεοοι
1023 1844 1140 1908 nescio
1163 1835 1250 1930 quos

162 1943 256 2029 apud
285 1948 405 2030 poetas
438 1943 644 2010 invenerunt
676 1963 718 2008 ea
748 1942 1019 2028 significatione,
1047 1951 1084 2010 ut
1111 1953 1147 2009 et
1168 1947 1250 2012 sub·

159 2047 346 2114 stantirum
368 2053 591 2130 agnoscerent
612 2051 649 2112 et
671 2047 955 2131 significationem
979 2067 1000 2112 a
1021 2050 1190 2112 communi
1213 2049 1250 2114 vi

158 2151 259 2216 vocis
279 2142 388 2225 θάλος
410 2149 670 2234 discrepantem.
704 2147 801 2214 Suid.
822 2147 987 2217 θαλὲοοοι
1007 2152 1151 2236 τροφαῖς
1162 2143 1249 2215 θάλ-

158 2256 228 2332 λςιι
248 2244 445 2328 ποιούσαις·
466 2247 607 2335 τὸνμὲν
626 2245 1250 2340 ἔγὼθαλέιοοινάιὲτριφον.Ηοογαίι.

158 2350 327 2422 θαλέοοσι
354 2345 494 2440 πιόιηοι
515 2349 702 2442 irreptare.
743 2347 885 2434 ΙΘάλος,
911 2354 1002 2440 qnod
1024 2355 1249 2434 meminerim,

161 2457 299 2542 vulgari
325 2475 387 2520 sua
412 2456 665 2539 significatione
686 2456 927 2523 indeclinabile
948 2461 1019 2522 est:
1049 2445 1250 2542 quominus

158 2558 246 2624 mibi
278 2559 403 2624 mirum
435 2558 468 2624 si
500 2558 645 2644 pluralis
677 2559 779 2624 aliam
807 2558 1095 2642 significationem
1125 2561 1247 2641 induit,

159 2663 255 2728 illam
278 2660 357 2726 dico
380 2659 596 2746 pinguedinis
618 2666 653 2728 et
674 2661 869 2746 opulentiae
890 2653 1055 2736 (θαλίαι).
1097 2659 1250 2727 Verbum

158 2755 299 2830 θαλάιια
321 2766 515 2829 necessario
536 2763 581 2830 ad
603 2757 712 2841 θαλάς
733 2762 861 2829 ducere
881 2761 943 2827 vix
964 2769 1066 2845 puto:
1090 2763 1251 2848 plnssor-

160 2873 253 2934 tasse
275 2867 435 2930 momenti
457 2871 510 2932 est
530 2867 568 2930 in
588 2859 757 2948 θαλύσια,
786 2865 879 2952 qnod
902 2865 1128 2931 Buttmannus
1148 2887 1251 2952 prae-

160 2969 277 3044 teriit,
310 2965 507 3034 Lobeokins
538 2972 789 3034 commemorat.
843 2968 911 3034 Sed
940 2968 1189 3049 biremibus,
1219 2970 1250 3033 si

163 3073 348 3156 plurimum
371 3067 447 3150 des,
470 3067 556 3135 nihil
578 3077 689 3136 tammo
711 3069 880 3151 efficitur,
904 3091 1004 3155 quarn
1029 3091 1073 3135 ex
1084 3069 1250 3136 feminino

161 3165 305 3250 θάλοια,
332 3173 425 3259 quod
452 3171 572 3240 firmas
600 3175 734 3240 radices
761 3175 851 3258 egit,
881 3174 1046 3238 incertam
1080 3173 1250 3258 quandam

164 3277 314 3360 speciem
348 3296 587 3362 nonuunquam
620 3275 800 3344 masculini
833 3297 870 3342 se
903 3275 1114 3342 Graecorum
1137 3275 1251 3342 auimo

127 3398 130 3409 ¹
164 3379 295 3444 offerre
327 3377 492 3464 potuisse.
549 3379 619 3446 Sed
651 3381 786 3447 radices
819 3377 887 3446 hoc
914 3398 981 3442 non
1012 3377 1101 3460 egit,
1123 3397 1189 3444 nec
1210 3391 1252 3445 eo

162 3485 364 3566 perventum
395 3486 467 3564 est,
495 3486 534 3548 ut
564 3483 745 3570 quisquam
767 3481 940 3570 expressis
962 3478 1103 3558 formis,
1132 3481 1252 3568 quales

165 3684 393 3704 *0.

233 3823 260 3886 ·)
278 3839 304 3878 v.
323 3821 394 3878 Lob.
418 3820 530 3880 dissert.
549 3823 585 3880 de
602 3821 750 3880 vocabulis
767 3821 878 3894 graecis
896 3821 1033 3893 singulari
1053 3824 1140 3880 loreia
1160 3825 1254 3892 signn-

162 3903 213 3962 tir:
232 3907 305 3962 unde
322 3905 351 3962 in
369 3909 552 3977 sentientibus
570 3911 651 3966 etiarn
670 3911 804 3980 quaedum
824 3909 973 3966 lrarrsirnus.
