2688 4520
154 293 230 348 vm

155 473 358 574 πᾶηροφον
382 473 506 572 dixit,
530 473 680 552 erroris
711 497 870 576 quoque
908 499 993 553 esse
1019 477 1245 558 nutricium.

154 597 242 694 His,
267 601 336 700 qui
361 593 567 676 libidinem
603 593 768 696 grassari
792 593 1007 692 clamitant,
1045 589 1272 698 perpauca

135 705 245 796 'sum
253 739 356 818 quac
364 713 507 794 reterri
517 715 677 816 possint,
687 725 812 790 artem
822 715 996 792 criticam
1005 719 1054 792 ad
1064 719 1254 797 duascer·

156 837 317 914 tissimus
351 836 507 937 regulas
545 833 792 935 dirigendam
824 859 908 912 esse
933 837 1110 938 mihique
1135 841 1253 918 cordi

154 955 275 1034 fuisse
297 967 341 1034 ut
364 955 605 1056 dirigerem,
629 953 819 1050 rationem
846 962 889 1031 et
914 961 1152 1034 orationem:
1180 961 1252 1037 ubi

128 1091 131 1152 t
157 1102 258 1157 vero
282 1079 384 1156 ratio
408 1075 479 1168 sit,
505 1073 563 1150 ibi
588 1072 797 1149 libidinem
825 1075 971 1152 nullam
997 1103 1091 1155 esse.
1262 1168 1266 1183 Ι

169 1229 206 1252 ··
256 1199 394 1276 Restat
419 1193 526 1296 quod
552 1191 708 1268 nollem.
749 1189 954 1294 Spitzneri
978 1197 1075 1273 milri
1100 1201 1251 1277 mentio

156 1317 372 1396 inliciendo
397 1327 480 1410 est,
505 1335 584 1388 non
618 1311 757 1388 hercle
795 1315 914 1392 ullam
938 1314 1053 1392 aliam
1080 1319 1134 1396 ob
1160 1347 1252 1398 cau-

155 1463 255 1536 sum,
290 1461 404 1540 quem
437 1441 606 1536 propter
635 1455 749 1508 unam
775 1442 903 1510 notem
927 1436 978 1511 ud
1003 1438 1048 1516 ll.
1078 1447 1133 1530 Φ,
1160 1441 1253 1536 363,

156 1545 255 1662 qua·
275 1583 355 1635 non
388 1556 442 1632 de
466 1551 613 1630 litteris
637 1552 737 1628 meis
762 1551 889 1650 dixit,
914 1555 985 1632 sed
1011 1560 1254 1638 voluntatem

158 1691 203 1757 et
227 1679 345 1766 fidem
370 1699 491 1752 meum
517 1665 560 1746 in
587 1673 849 1772 suspicionem
875 1701 1019 1754 vocare
1045 1705 1158 1758 ausus
1172 1697 1251 1758 est:

80 1842 86 1853 =
158 1797 269 1900 turpi
294 1795 455 1896 'quidem
480 1808 670 1868 successu.
723 1791 896 1869 Primum
909 1795 977 1872 illa
991 1797 1129 1898 legens
1143 1827 1256 1878 acer-

159 1913 249 1998 bius
286 1941 375 1993 cum
413 1941 462 1990 eo
496 1915 573 1989 hoc
611 1913 703 1988 loco
750 1937 870 2012 agere
914 1917 1131 1994 volueram:
1182 1923 1256 1998 sed
1333 1921 1334 1938 ¹

160 2037 265 2114 πάνθ’
290 2037 309 2111 ὃ
331 2041 436 2132 μέγας
455 2039 611 2132 μαραίνει
630 2031 768 2128 χρόνοςε
794 2034 956 2110 remitto
981 2059 1086 2112 nunc
1100 2039 1255 2140 aIIquid
1293 2053 1295 2059 ’
1333 2133 1334 2140 ¹

143 2138 217 2236 xde
253 2161 342 2234 iure
380 2185 468 2234 meo
507 2159 626 2233 docto
652 2157 762 2250 viro,
788 2181 906 2256 quem
932 2155 1139 2233 honestum
1167 2187 1258 2238 esse

161 2279 300 2373 audi03
325 2277 476 2354 tristem
502 2303 586 2353 csse
612 2277 752 2372 video,
779 2276 892 2352 cuius
916 2276 1006 2351 cum
1035 2279 1255 2358 Praefatio·
1333 2271 1334 2338 l

161 2425 252 2476 nem
288 2397 468 2500 legissem
505 2397 607 2472 illud
642 2397 934 2474 Aristotelicum
969 2395 1021 2472 de
1056 2399 1256 2501 Euripide

49 2609 53 2621 Ι
161 2519 224 2596 in·
239 2544 328 2594 eum
359 2517 660 2594 transferebam:
688 2519 774 2592 ἀλλὰ
789 2515 1046 2612 ’τραγικώτατός
1073 2548 1111 2612 γε
1128 2525 1257 2616 'muium
1333 2525 1334 2608 t

163 2669 236 2724 ται,
257 2639 289 2714 el
309 2641 367 2711 καὶ
387 2643 429 2712 τὰ
452 2636 541 2713 litto
561 2641 607 2734 μὴ
629 2633 667 2712 εὖ
690 2645 904 2748 διοικονομεῖ.
954 2639 1007 2716 Et
1033 2644 1255 2720 timendum

161 2759 258 2835 mihi
308 2759 432 2865 (illinc
491 2785 570 2838 non
620 2759 740 2860 magis
805 2785 890 2836 esse
951 2765 1077 2841 sentio
1137 2789 1256 2864 quam
1333 2809 1334 2878 ᾗ

164 2877 387 2957 Aristarcho
433 2905 541 2960 meo:
581 2907 747 2984 quorum
771 2891 953 2963 neutrum
989 2871 1198 2964 intellexit.
