2736 4486
1067 229 1141 308 121

89 443 140 510 hie
171 439 270 507 etiam
305 433 471 507 uidemus.
521 417 738 502 nti's‘tarchns
765 425 795 501 ai
824 431 963 522 s‘eripsit
992 427 1142 524 πρδσθεν

90 545 172 622 ἕθεν,
193 562 392 630 quamquam
411 541 503 628 *idem
525 539 592 604 uun
613 549 745 604 secutus
768 545 819 606 est
849 541 885 604 in
907 541 1142 604 coniunctione

89 647 264 732 postposita
295 640 353 722 σίίς
386 637 467 709 ἕθεν
487 637 579 708 εἵνεκ’
609 640 671 717 (cf.
701 663 759 725 μιν
780 633 895 728 ἀμφί),
918 643 1061 706 habebat
1083 659 1146 702 eur

88 747 280 814 itasaceret.
304 767 376 811 eam
398 751 490 811 certe
513 747 560 812 ei,
568 764 700 810 causam
714 743 896 811 nonfuisea
917 743 1086 825 ridemur,
1111 745 1149 806 ut

89 871 191 916 crassa
209 848 367 915 Minerva
386 868 468 912 auae
479 847 559 932 legi
586 827 790 950 inhaereret.

165 984 258 1064 Quid
287 983 379 1070 quod
408 983 510 1053 etiam
543 982 695 1064 fuorunt,
723 983 783 1068 qui
812 981 901 1068 quod
929 925 1093 1064 ίμίθεν*)
1113 981 1179 1062 et«¹

90 1085 176 1156 σέθεν
197 1087 285 1172 apud
298 1087 482 1152 Homerum
504 1091 633 1150 tanturn
656 1085 965 1164 orthotonunreua'
957 1083 1149 1150 inveniren-

95 1197 158 1272 tur,
180 1209 249 1254 eam
273 1190 317 1254 ob
339 1208 475 1262 canaam
496 1189 633 1266 tertiam
656 1189 760 1252 etiam
784 1208 956 1272 personam
979 1187 1052 1252 noio
1073 1205 1149 1250 cum

99 1297 180 1356 recto
214 1298 358 1356 accentu
390 1277 630 1374 proferendum
666 1287 841 1359 dicerenti
897 1289 991 1367 Quos
1025 1286 1152 1352 refutat
1217 1312 1219 1320 ·

92 1393 278 1473 Apollonius
309 1413 404 1477 pron.
426 1395 478 1458 98.
523 1394 618 1468 (troc
639 1414 680 1457 an
705 1402 796 1458 recte
819 1393 928 1472 dicat,
952 1393 1093 1476 primam
1117 1395 1153 1456 et

93 1494 259 1560 secundam
289 1515 368 1560 casu
397 1501 525 1560 tautum
547 1495 636 1578 apud
657 1484 840 1560 Homerum
864 1516 928 1560 non
952 1495 1017 1558 nisi
1040 1490 1154 1558 ortho-

95 1603 260 1661 tonnmena
290 1597 437 1664 inveniri
459 1599 580 1682 quaeri
604 1603 742 1679 potest),
766 1632 807 1646 —
829 1597 943 1662 Schnl.
966 1595 1028 1660 BL
1049 1595 1093 1660 ad
1116 1597 1153 1670 Γ,

93 1699 145 1764 128
169 1692 246 1764 ἑθεν
277 1691 483 1783 ἓγκλετιιῶς·
499 1697 550 1766 εδ
573 1695 611 1766 δδ
632 1696 754 1779 ἐμέθεν
775 1695 831 1764 καὶ
853 1695 953 1764 σέθεν
973 1690 1074 1780 μόνον
1095 1689 1154 1782 ὀρ-

94 1799 300 1866 θσισνσῦντσιι
328 1795 407 1888 παρ’,
439 1794 541 1889 αὐτῷ.
579 1803 689 1872 *taust
718 1823 751 1886 p.
772 1803 831 1873 tr,
853 1802 896 1866 28
917 1795 992 1866 ἐπεὶ
1012 1791 1053 1866 oi
1075 1793 1155 1865 ἑθέν
1254 1851 1264 1878 ,

94 1892 153 1967 ἔσει
169 1897 319 1987 χερείων·
341 1899 379 1968 εδ
402 1901 447 1971 δὲ,
463 1895 504 1970 σίί
525 1891 722 1991 ἓθενῆρσσν
743 1896 803 1968 οὐκ
825 1896 926 1987 αὐτῆς
935 1895 1006 1970 ἐστι
1020 1896 1156 1992 χερείων

98 1999 134 2066 τὰ
152 2005 214 2068 τῶν
236 1996 446 2094 ἀντιγράφων
469 1999 685 2094 ἀκριβέστερα
708 1995 748 2070 οδ
767 2001 845 2072 ἑθεν
856 1997 1159 2093 προπαροξυτόνως

98 2099 228 2188 ἔχουσιν,
259 2098 306 2182 ὡς
332 2108 391 2192 τῆς
419 2106 498 2173 ἕθεν
520 2101 725 2192 devoventur
746 2104 937 2196 ἐγκλινδσρς
956 2107 1014 2197 τὴν
1034 2102 1158 2175 οἰκείαν

101 2197 199 2286 ὀξεῖαν
219 2209 260 2294 τῇ
284 2200 428 2276 ὄπισθεν
448 2209 616 2305 συλλαβῇ,

167 2323 191 2391 i.
240 2327 416 2392 Caeterum
439 2328 475 2392 in
504 2327 720 2412 oppositione
752 2329 956 2414 quaerendas
974 2354 1095 2398 vereor
1116 2354 1158 2400 ne

98 2429 294 2508 grammatici
323 2429 460 2513 putidae
494 2450 535 2496 ae
564 2451 799 2515 nonuunquam
837 2435 1032 2517 diligentiae
1054 2439 1158 2506 dede-

98 2529 159 2593 rint
197 2540 231 2595 et
270 2551 364 2594 usum
392 2531 497 2596 muita
518 2531 710 2598 liberiorem
733 2536 849 2598 servili
872 2536 1159 2618 legendstrinxe·

101 2631 170 2696 rint.
217 2631 332 2698 Schol
355 2632 418 2698 BL
440 2633 483 2698 εδ
504 2637 551 2710 Β,
576 2635 638 2714 19⁰.
659 2629 828 2716 Δαιμόνι’,
851 2627 893 2702 oii
919 2659 956 2704 σε
983 2635 1071 2708 ἔοικε
1097 2667 1159 2710 ea-

93 2727 147 2794 rnie
178 2721 222 2812 ὣς
251 2729 498 2814 δειδίσσεσθαι)
531 2717 572 2804 ου’
593 2757 633 2804 σε
661 2729 682 2823 ἡ
711 2760 772 2820 μεν
803 2731 952 2826 ἀκρίβεια
975 2733 1160 2828 intremunt,

99 2825 221 2916 ίγνλίνει
242 2829 322 2924 δὲῆ
352 2829 523 2924 συνήθεια.

175 2935 270 3014 Quae
303 2936 388 3002 mihi
422 2931 576 3026 ἀκρίβεια
601 2941 731 3006 iilam
722 2962 757 3005 m
786 2946 979 3013 memoriam
1001 2969 1162 3018 revocare

101 3035 196 3122 solet,
217 3059 283 3125 qua
304 3039 471 3124 quondam
494 3043 610 3108 audivi
638 3047 909 3127 pronuntiantem

254 3141 312 3204 die
333 3141 457 3221 aoidne
478 3143 581 3210 Kette
602 3140 678 3228 gi'eh
704 3149 790 3212 mir
811 3149 919 3234 nicht,

256 3241 314 3307 die
334 3241 439 3310 Kette
459 3246 536 3328 gieb
558 3247 621 3312 den
643 3247 793 3316 Rittern.

100 3333 297 3408 Reiutuntnr
323 3345 385 3409 iiii·
406 3365 468 3431 ρει
494 3349 603 3431 ipsum
634 3350 833 3429 Homerum,
860 3353 905 3432 0,
929 3356 990 3422 196
1010 3379 1100 3440 χερσι
1093 3343 1176 3426 δε

100 3433 171 3524 μήτε
198 3465 239 3525 με
271 3438 380 3530 πάγχυ
400 3441 500 3513 κακὸν
533 3439 579 3526 ίδς
600 3451 891 3520 δειδισσέσθω·
917 3457 1073 3522 Pertinet
1095 3459 1161 3526 huc

27 3539 28 3570 i
101 3537 277 3612 iiemdiani
296 3553 377 3614 nota
397 3547 441 3613 ad
464 3552 511 3632 Z,
533 3553 598 3620 355
618 3551 715 3641 δᾶερ,
737 3551 871 3624 iareim
880 3551 1036 3641 μάλιστα
1058 3555 1162 3642 πόνος

105 3703 318 3726 -a—-n-a

163 3827 299 3895 ⁸inottr
330 3831 383 3896 (rie
414 3841 490 3892 certe
515 3835 659 3904 scribitur)
684 3840 813 3898 eneiitiee
832 3859 875 3900 nx
902 3843 1052 3913 Sophrona
1077 3850 1159 3909 affert

102 3906 228 3976 troilon.
247 3929 331 3984 prou
349 3919 392 3977 98.
