2688 4520
213 241 263 322 38

212 451 281 512 tum
305 445 465 533 posuisse,
487 463 553 532 quo
575 447 609 515 et
630 443 753 512 Graeci
765 443 798 522 *)
818 449 851 512 et
861 443 976 512 Latini
998 457 1125 529 ponunt
1145 446 1180 509 in
1200 445 1267 528 epi·

212 550 326 614 stolise
349 547 408 613 sed
430 555 523 632 putet
544 547 609 612 hoc
630 548 744 612 tutius.
776 545 863 612 Num
886 549 921 611 iu
944 549 1268 612 commentariisiio·
1333 573 1334 614 ι

213 652 350 715 mericis
371 651 502 726 librum,
526 671 591 735 quo
610 649 814 734 Dionysium
837 649 1062 734 geographum
1084 649 1268 722 illustravit,
1333 673 1334 684 2

212 752 256 821 ad
284 765 395 838 partes
422 765 520 818 vocet
547 752 612 818 hoc
638 753 753 816 modo:
776 745 922 837 εἶ’(ιηται,
952 749 1134 838 γέγραπται
1156 749 1189 817 ἕν
1207 752 1271 826 ταῖς

212 847 259 931 εἷς
280 849 462 931 Διονύσιον,
485 879 513 920 e.
535 875 567 939 g.
591 873 623 940 p,
645 855 678 920 2.
700 855 769 918 lro.
796 856 873 918 nt:
896 861 931 920 et
952 862 1071 918 contra
1093 854 1128 918 iu
1150 851 1211 916 hoc
1230 852 1273 914 ud

212 957 290 1020 ilios
320 965 480 1041 provocat
507 957 622 1022 eudem
652 955 799 1036 ratione,
830 954 980 1040 perfecto
1010 939 1272 1040 uteus'saepius,

211 1077 277 1122 uon
309 1059 491 1124 excludens
523 1061 701 1140 norisium,
729 1066 771 1152 ut¹
794 1079 825 1124 v.
849 1059 912 1124 994
933 1054 989 1122 καὶ
1009 1053 1135 1146 sotter]
1157 1055 1190 1123 ἒν
1209 1059 1274 1134 τοῖς

213 1153 259 1238 εἷς
279 1157 336 1226 τὸν
349 1155 504 1246 Ὅμηρον.
549 1159 607 1224 Sic
629 1161 680 1222 iili
701 1164 736 1227 et
757 1179 842 1244 quue
865 1160 1048 1224 moliuntur
1067 1163 1273 1245 scriptatun·

213 1280 312 1346 quum
343 1272 459 1346 porotu
490 1263 634 1346 posteris
660 1263 773 1326 uuimo
803 1263 1024 1348 praecipiunt.
1080 1264 1273 1346 Apollonius

212 1363 256 1427 de
276 1361 353 1428 udv.
378 1383 409 1446 p.
433 1363 507 1444 532,
530 1365 709 1430 iiscribit=
731 1360 788 1428 τὸν
808 1365 959 1430 τοιοῦτον
979 1357 1274 1451 λόγαιᾶκριβέσιε-
1334 1415 1335 1474 p

211 1485 271 1551 pou
292 1458 326 1528 ἐν
346 1464 392 1550 τῷ
413 1461 491 1552 περὶ
512 1459 694 1544 συντάξεως
714 1461 946 1549 ἐκτεθείμεθα.
995 1468 1041 1532 At
1059 1467 1161 1530 ruodo
1182 1468 1275 1530 dixe·
1334 1507 1335 1520 ι

215 1572 269 1628 rut
301 1567 385 1646 530,
417 1567 460 1633 28
490 1568 540 1646 (et
572 1569 657 1633 dicit
684 1567 841 1632 similiter
860 1567 1028 1653 saepius)=
1055 1562 1276 1655 ἐντελέσιερον
1334 1565 1335 1602 ³

209 1663 323 1750 μέντοι
345 1662 524 1747 δεδείξεται
546 1665 579 1734 ἓν
599 1671 646 1756 τῷ
667 1666 745 1758 περὶ
766 1664 958 1747 συντάξεως.
998 1671 1164 1734 Videmus
1175 1671 1277 1755 igitur

212 1789 311 1854 quam
333 1777 432 1834 ceute
453 1771 615 1854 agendum
637 1773 694 1854 sit,
717 1793 814 1856 quam
837 1771 1187 1856 circumspiciendum,
1210 1793 1276 1857 quo

212 1871 417 1954 singulorum
451 1873 654 1940 cousuetudo
681 1874 832 1940 inclinet.
885 1873 977 1952 Quid
1005 1876 1097 1960 quod
1126 1896 1169 1940 ue
1195 1873 1277 1939 sciri

212 1973 347 2058 quidem
370 1979 496 2056 potest,
518 1982 628 2040 utrum
650 1977 740 2042 liber
759 1975 901 2060 uliquis,
930 1981 1026 2041 cuius
1047 1983 1169 2040 auctor
1189 1997 1278 2040 meu-

212 2074 340 2138 tionem
367 2075 485 2140 iuiecit
521 2080 703 2161 praeterito
732 2097 822 2157 usus,
853 2098 890 2140 re
921 2081 1003 2144 veta
1033 2079 1080 2144 sit
1100 2077 1215 2142 editus
1235 2098 1277 2142 uu

210 2174 283 2241 foto
303 2178 531 2261 interruptusi
572 2179 673 2256 Quod
695 2180 772 2244 dum
794 2181 907 2244 scribo
929 2185 1115 2244 commovet
1132 2181 1276 2244 animum
1333 2203 1335 2222 ·

211 2298 320 2343 meum
349 2276 490 2362 Spohnii
512 2283 665 2362 praecis'u
686 2301 763 2368 spes
786 2294 820 2346 et
841 2281 1088 2364 philologosum
1112 2279 1277 2346 frustrata
1335 2256 1336 2340 i

211 2381 433 2462 txspectutioe
465 2367 604 2466 scripsit
630 2384 717 2450 euim
745 2384 804 2448 ilie
833 2385 868 2448 iu
891 2385 1020 2448 minore
1042 2383 1186 2448 Hesiodi
1208 2384 1280 2447 edi·

113 2549 115 2564 ,
211 2484 305 2548 tioue
330 2502 363 2549 v.
389 2484 446 2548 1²1
471 2483 564 2561 „Cur
585 2484 649 2551 hoc
670 2486 746 2552 ioco
767 2486 831 2552 hos
853 2505 972 2552 versus
993 2486 1162 2570 posuerim
1184 2484 1277 2550 dixi
1335 2493 1336 2534 ἐ

212 2585 248 2648 in
269 2583 500 2670 edmeiorct
523 2621 565 2636 -

297 2687 353 2752 Ex
374 2689 621 2774 antiquioribus
642 2689 821 2756 videndum
844 2689 909 2754 erit
930 2709 1026 2774 quem
1048 2670 1157 2774 possit
1178 2686 1280 2755 huius

210 2787 262 2852 rei
283 2789 476 2854 observatio
498 2791 532 2856 in
555 2793 737 2860 Aristotele
758 2813 852 2858 usum
879 2789 1014 2858 hebere.
1127 2818 1130 2832 ·

297 2887 365 2952 Sed
392 2897 429 2954 ut
457 2891 646 2975 perfectum
669 2901 704 2959 et
724 2895 890 2975 uoristus,
920 2895 971 2958 sic
993 2912 1150 2977 praeseus
1172 2891 1280 2958 embi-

211 3007 322 3070 guum·
365 2981 452 3056 Nam
474 3014 539 3077 peu
558 3015 716 3078 praeseus
737 2997 932 3080 saepissime
953 2994 996 3060 ud
1018 3015 1080 3059 sou
1100 2995 1281 3076 scriptase

210 3086 377 3172 referunt,
399 3083 445 3169 ὥς
465 3089 629 3162 δείκνυται
649 3091 684 3164 ἐν
704 3099 751 3184 τῷ
772 3095 850 3184 περὶ
871 3091 1122 3186 δπιρῤημάιωι,
1151 3091 1283 3180 λέγεται

210 3210 272 3272 μοι
294 3188 373 3278 περὶ
393 3185 519 3259 τούτων
539 3191 571 3262 iu
591 3199 639 3284 opi
659 3197 738 3287 περὶ
757 3199 941 3285 nasutum
971 3192 1160 3284 πραςῳδίας
1187 3201 1283 3272 (nam

210 3290 426 3358 Herodianus
436 3295 472 3360 iu
483 3295 548 3370 hoo
558 3319 679 3382 geuere
689 3291 843 3384 creber)‚'
853 3307 888 3368 et
897 3293 1065 3367 similiter.
1079 3301 1282 3378 Ambiguum

210 3399 320 3460 eutem
342 3397 506 3463 eiusmodi
526 3394 684 3484 praeseus
705 3410 816 3468 utrum
838 3403 1055 3488 praeteritum
1078 3400 1285 3466 unsuturum

210 3501 342 3582 tempus
358 3505 502 3583 spectet.
544 3504 702 3586 Apoltou.
723 3505 799 3571 adr.
822 3509 896 3586 532,
918 3509 959 3573 ³0
980 3496 1083 3570 πάλιν
1103 3495 1123 3586 ἦ
1145 3499 1283 3592 τοιαύτη

211 3591 363 3678 σύνταξις
386 3597 442 3667 διδ
469 3602 604 3670 πολλῶν
629 3606 848 3694 παραθέσεωτ
874 3604 909 3673 ἔτ
933 3607 980 3694 τῷ
1001 3603 1079 3692 περὶ
1100 3596 1284 3684 συντάξεως

213 3691 424 3770 ἀποδίδοται.
468 3705 545 3774 Ηοε
565 3705 610 3774 ud
631 3711 819 3832 posteriora
840 3715 983 3793 spectet.
1027 3709 1082 3774 De
1104 3711 1282 3774 contrario

278 3904 304 3968 *i
322 3919 347 3958 V·
360 3903 469 3975 Heyler
484 3909 520 3967 ud
536 3926 584 3980 ep.
601 3909 659 3969 tu.
676 3929 705 3984 p.
722 3907 782 3972 212
801 3911 891 3985 Wytt
908 3911 943 3968 ed
962 3911 1035 3968 Piut.
1057 3911 1082 3968 1.
1102 3928 1130 3978 ιι.
1140 3869 1213 3970 ⁴3⁰6·

709 4126 716 4202 ,¹

541 4212 554 4254 ι
