2736 4486
180 173 274 258 ι79

222 385 355 464 dorent,
387 381 625 470 anastrophem
655 381 944 470 praepositionum
977 404 1044 452 non
1064 387 1298 454 necessariam

223 507 297 556 esse
322 507 387 556 noc
413 491 445 554 ln
466 508 582 554 earnm
604 493 726 554 nutura
747 486 903 571 positam.
947 487 1069 576 Neque
1091 491 1181 558 enim
1204 497 1299 556 cete-

220 609 277 656 ras
303 577 421 675 'portes
450 592 612 658 orationis
632 589 713 657 sude
734 595 863 656 mutata
883 595 1013 658 mutare
1046 593 1148 658 etiam
1170 613 1298 658 accen-

221 699 307 760 tuma
346 714 452 778 neque
484 694 554 760 dici
586 713 703 778 posse,
736 693 1005 778 praepositiones
1037 695 1148 780 potios
1181 695 1298 760 locum

220 815 316 860 snum
347 804 492 862 mutasse
523 817 621 882 quam
653 797 787 862 aomina
814 795 869 860 vel
890 797 994 860 verba
1015 798 1057 862 ab
1078 797 1123 863 iis
1145 797 1298 880 pend'en-

221 897 283 980 tia,
306 897 451 983 deniquo
472 919 513 964 ne
536 917 650 978 omnes
671 897 807 982 quidem
828 899 1096 984 praepositiones
1116 907 1299 988 accentum

220 999 404 1068 retrahere.
452 996 583 1077 Quibus
610 985 810 1086 Apollonius
831 1001 1027 1085 respondet,
1059 1001 1204 1086 primum
1225 1003 1298 1066 hoc

220 1105 316 1187 quasi
345 1104 519 1188 proprium
541 1121 615 1168 esse
637 1103 938 1188 praepositionum,
968 1109 1007 1168 nt
1028 1111 1295 1190 praeponantur,

219 1205 308 1270 unde
325 1207 435 1270 eriam
457 1225 577 1270 nomen
599 1205 776 1272 duxerinta
797 1205 852 1270 sin
873 1211 984 1270 autem
1007 1206 1077 1270 sint
1097 1208 1166 1272 alia
1186 1228 1296 1294 quao-

218 1309 310 1388 dam,
338 1329 423 1394 quae
449 1313 485 1371 at
511 1308 586 1391 ipsa
612 1311 740 1372 certam
768 1307 935 1372 orationis
962 1306 1077 1372 sedem
1099 1309 1295 1392 requirant,

217 1419 256 1476 nt
282 1401 358 1498 ἤτοι
376 1410 549 1497 'particula
575 1429 643 1476 non
664 1407 731 1472 nisi
754 1409 854 1472 initio
877 1409 987 1492 posita
1008 1411 1055 1488 (v.
1077 1410 1119 1478 dc
1140 1410 1231 1474 coni.
1261 1430 1296 1492 p.

216 1515 294 1593 186,
327 1517 382 1592 31)
416 1517 451 1578 et
482 1513 620 1578 articuli
659 1531 827 1596 nunqnam
855 1513 1034 1596 postpositi
1056 1513 1294 1594 substantivis,

126 1638 129 1650 ’
216 1613 301 1682 haec
322 1635 362 1682 eo
384 1617 458 1700 ipso
481 1637 501 1680 n
523 1613 825 1700 praepositionibus
847 1613 1002 1692 differre,
1026 1612 1288 1698 quodcumom-

214 1721 294 1784 nino
317 1737 481 1804 nunquam
504 1716 579 1782 loco
601 1716 732 1792 cedant,
755 1715 857 1780 etiam
879 1715 971 1780 omni
992 1716 1205 1798 ambiguitati
1226 1737 1296 1781 ex-

215 1827 328 1904 empta
360 1821 439 1884 siut.
493 1819 650 1886 Tertium
684 1837 765 1883 vero
800 1815 893 1881 illud·
917 1817 1187 1902 praepositiones
1209 1837 1292 1884 cnm

157 1995 159 1998 y
214 1921 293 1986 aliis
325 1919 489 1986 orationis
521 1919 675 2004 partibus
705 1940 878 1984 commune
908 1915 1052 1999 habere,
1084 1939 1118 1985 r.
1147 1939 1176 1986 c.
1209 1939 1294 1987 oum

213 2022 483 2106 pronominibus,
505 2041 647 2108 qnorum
669 2021 813 2106 piurima
835 2021 987 2106 quidem,
1009 2020 1069 2085 sed
1091 2024 1293 2088 nonomnia

213 2125 381 2208 duplicem
411 2145 504 2194 usum
533 2123 703 2206 accipere,
731 2129 767 2190 et
796 2117 991 2186 encliticam
1014 2128 1048 2186 et
1067 2122 1212 2187 alterum
1235 2125 1291 2209 (p.

211 2227 298 2300 399).
349 2213 427 2292 Huc
454 2223 587 2292 accedit
612 2226 677 2302 (sic
704 2225 793 2290 enim
822 2225 880 2290 illo
910 2226 1051 2310 pergit),
1083 2223 1173 2310 quod
1195 2227 1293 2292 aliae

211 2318 373 2406 orationis
403 2334 532 2413 partes,
562 2342 759 2413 quocunque
778 2326 853 2392 loco
875 2328 1005 2410 positae
1027 2331 1126 2406 snut,
1154 2339 1291 2412 certam

210 2428 333 2496 habent
364 2432 545 2496 rationema
577 2451 642 2495 nou
676 2429 764 2520 euim
799 2434 908 2514 potest
936 2427 1135 2500 adverbium
1157 2428 1290 2496 referri

162 2581 172 2590 .
208 2533 276 2598 nisi
297 2531 341 2598 ad
366 2533 517 2614 verbum,
540 2553 607 2598 non
629 2532 732 2597 verba
752 2530 818 2598 uisi
840 2531 883 2594 ad
905 2552 943 2594 ea
966 2529 1086 2613 quibus
1097 2529 1292 2606 adhaerent

207 2636 360 2715 nomina,
391 2639 426 2700 et
448 2641 574 2700 cetera.
618 2632 895 2718 Praepositiones
919 2637 1028 2696 autem
1052 2637 1088 2696 et
1109 2631 1151 2696 ad
1174 2635 1289 2700 uerbo
1359 2623 1360 2718 l

207 2735 332 2802 reterri
360 2725 498 2818 possunt
524 2741 559 2801 et
585 2699 637 2800 ad
657 2736 794 2800 nomina
821 2733 881 2812 (cf.
910 2733 952 2797 de
979 2727 1057 2809 adu'.
1081 2755 1113 2818 p.
1136 2737 1209 2814 531,
1236 2737 1287 2814 l),

207 2844 244 2900 ut
270 2838 305 2902 in
334 2837 394 2902 illo
419 2831 554 2924 Ἰθάκην
574 2830 659 2902 κάτα
681 2832 903 2925 uoepuvs‘ooot:
927 2855 1063 2900 necesse
1086 2841 1137 2900 est
1159 2836 1285 2924 igitur,
1359 2839 1360 2908 l

206 2942 242 3002 ut
263 2957 344 3002 vera
366 2941 573 3004 constructio
596 2941 711 3026 aliquo
735 2943 876 3003 externo
899 2939 995 3022 signo
1012 2937 1210 3005 'declaretur
1232 2941 1285 3014 (v.

204 3036 309 3104 schol.
342 3039 386 3109 ad
418 3041 521 3104 Dion.
554 3060 670 3125 gap.
704 3041 791 3118 914).
846 3037 1003 3122 Denique
1023 3036 1163 3104 ¹formae
1184 3039 1287 3124 ipsae

203 3140 489 3226 praepositionum
516 3142 613 3226 quasi
636 3141 678 3206 ad
700 3139 932 3223 anastrophen
954 3147 1053 3205 natae
1074 3147 1161 3207 snat.
1206 3143 1287 3208 Ha·
1359 3161 1360 3202 l

122 3261 126 3270 ’
179 3231 283 3308 'beat
310 3243 398 3308 euim
427 3263 541 3308 omnes
562 3249 737 3308 accentum
760 3245 794 3306 iu
818 3244 938 3313 ultima
958 3249 1181 3330 constantque
1204 3245 1285 3326 plu·
1359 3223 1360 3300 i

205 3345 311 3414 rimae
344 3344 478 3426 duabus
504 3345 662 3410 breuibus
696 3344 852 3429 syllabis,
884 3366 952 3428 qno
980 3365 1102 3428 genere
1124 3345 1283 3414 nihilad
1321 3334 1324 3346 ’
1359 3329 1360 3412 l

201 3451 361 3514 accentus
383 3446 620 3515 retractionem
643 3445 726 3532 fingi
748 3453 862 3533 potest
882 3446 1179 3515 accommodatius.
1213 3449 1284 3534 ,(11.

146 3603 149 3612 .
199 3547 306 3621 subal.
330 3547 432 3620 Dion.
453 3569 504 3636 gr.
529 3571 559 3641 p.
589 3551 661 3620 929.
1359 3547 1360 3582 ³
