2736 4486
217 237 271 318 96.

216 439 321 508 dieite
341 447 454 508 tenere
475 439 537 508 ms
556 443 733 508 sedentum
752 453 866 504 τοοιαι
886 431 964 516 „rai
984 431 1023 502 τὸ
1046 429 1154 504 αἶ’νιον
1170 430 1291 504 ίνὲτέ-

215 567 290 632 ραις
310 539 464 627 εἴπομεν,
487 535 534 620 ὥς
554 537 607 608 ὅτι
628 539 714 629 πρὸς
735 531 856 616 αὐτοὺς
876 535 954 616 τοὺς
974 531 1090 616 τόνους
1109 540 1172 604 τῶν
1191 535 1286 628 drud-

214 637 369 734 ρημίτων
395 641 450 714 καί
470 637 569 712 αὐτοὶ
589 639 891 732 ἂρθοιονοῦνται,“
909 641 1033 706 siout'
1023 642 1090 726 ipsi
1112 636 1287 707 adverbio-

216 768 291 814 rum
321 757 482 816 accentus
502 767 548 814 se
568 747 693 812 habent
712 744 786 830 (qui
808 739 936 810 retrahi
958 763 1027 808 ιιοιι
1048 749 1213 872 possunt),
1234 744 1289 810 sic
1349 776 1350 844 p

217 853 258 916 et
274 849 339 915 hae
361 855 536 914 noeentum
557 845 731 914 retrahere
752 865 818 912 οοο
841 850 1052 928 possunt.-

301 950 371 1016 Sed
399 951 431 1015 si
457 950 524 1016 hoc
550 952 600 1016 ita
630 955 705 1029 est,
735 967 797 1014 aar
817 947 952 1012 addidit
972 942 1052 1024 „rer
1073 939 1289 1034 οοντάοοηται

216 1053 258 1142 τῇ
278 1052 425 1142 μινικῇ,“
447 1059 485 1118 ut
505 1053 537 1118 si
558 1049 625 1118 lroc
645 1069 723 1114 non
744 1050 871 1116 sactum
899 1060 1011 1114 tamen
1032 1039 1102 1116 ι’ίιτο
1115 1052 1292 1135 scripsisse

217 1155 377 1221 rideatur
406 1174 466 1237 pro
495 1143 649 1220 &modest
678 1151 770 1236 quod
800 1149 1050 1216 confirmaveris
1080 1172 1124 1216 ex
1144 1153 1195 1234 11,
1217 1153 1291 1220 669.

215 1257 287 1324 Cur
308 1261 375 1322 tam
388 1253 580 1322 admirabili
593 1254 691 1318 modo
702 1255 796 1318 illam
809 1253 1055 1350 anastrophen
1045 1275 1081 1318 ιιι
1093 1251 1266 1355 mollia
1228 1273 1351 1342 γαρ

216 1351 285 1425 α’πο
307 1351 477 1424 relevet*
448 1379 512 1422 εισι
533 1349 660 1450 πόληος
682 1357 861 1438 explicuit,
884 1377 960 1420 cum
982 1361 1094 1440 posset
1106 1377 1149 1419 ex
1160 1358 1227 1421 alia
1239 1378 1290 1422 re

216 1459 295 1546 'gula
316 1481 392 1541 sua,
414 1454 451 1523 ul
473 1459 636 1541 vidimus,
658 1462 785 1524 rectius
797 1464 829 1523 et
841 1459 999 1525 facilius?
1032 1458 1291 1536 Quidenimre-

215 1562 365 1648 quiritur
392 1559 458 1626 hoc
484 1562 557 1626 loco
583 1582 683 1648 quam
705 1552 877 1628 ποίἩὸν
853 1583 967 1626 ανιειοι
987 1561 1126 1624 multum
1148 1561 1289 1629 absunt²

217 1663 384 1730 Neutrum
405 1663 566 1746 intelligo.
600 1665 754 1728 Aristar(
756 1661 849 1728 hus
840 1683 874 1726 in
897 1655 967 1727 ἆιιό
989 1683 1051 1748 pro
1073 1653 1292 1729 anodeacum

215 1768 364 1853 genitivo
385 1771 578 1830 constructo
590 1763 678 1829 idem
691 1765 899 1850 tenuitquod
911 1765 1148 1831 Herodianus
1160 1785 1223 1830 non
1239 1787 1290 1830 re·
1351 1799 1352 1834 1

197 1871 323 1936 traxit
332 1867 573 1946 accentum*
585 1868 651 1944 64).
676 1865 765 1944 Quid
776 1871 953 1954 praeterea
963 1864 1083 1932 fecerit
1095 1868 1293 1936 rtemtncer

219 1977 308 2044 tum,
337 1969 404 2034 nisi
429 1969 530 2032 fidem
556 1964 682 2033 habeas
710 1967 841 2033 scholio
869 1967 913 2034 ad
941 1969 994 2052 H,
1025 1967 1114 2050 334,
1132 1969 1223 2058 quod
1245 1973 1294 2034 est

219 2077 258 2136 ut
278 2067 454 2136 Bekkerus
476 2069 713 2153 significavit
704 2091 740 2133 in
751 2061 908 2136 BLV
888 2067 971 2170 arelp
993 2064 1211 2196 κατακείομεν
1231 2064 1292 2136 ml·

220 2165 298 2251 τούς
324 2169 447 2238 τυτθὸν
477 2163 546 2236 ἄπο
574 2191 642 2258 προ
669 2173 763 2251 νεῶν)
783 2163 1034 2295 Ἆρίοταμχος’
1015 2169 1221 2260 αναοίρέφει
1237 2170 1353 2274 τὴν

220 2269 305 2357 ἀπό,
331 2269 386 2340 ἵνα
415 2263 557 2362 σημαίνῃ
585 2270 623 2340 τὸ
653 2263 801 2342 {leodem
827 2271 884 2339 καὶ
911 2272 970 2359 τὴν
995 2267 1062 2360 πρό
1086 2267 1131 2351 ὡς
1151 2269 1296 2340 πλοονοί-
1352 2289 1353 2304 ¹

219 2379 339 2458 ζουσαν
366 2371 523 2459 κοιμίζει·
551 2367 570 2442 ὅ
601 2371 638 2444 δὲ
662 2367 864 2464 Ἡρωδιανὸς
884 2379 942 2463 τῆς
962 2367 1031 2442 από
1053 2367 1274 2462 φυλάσσει
1237 2401 1295 2442 τον

216 2473 314 2544 τόνον
333 2474 389 2548 καί
410 2472 582 2544 σοντοίοσιι
603 2471 704 2564 αὐτὴν
724 2480 771 2565 τῷ
792 2479 889 2544 νοῶν·
911 2472 969 2566 τὴν
991 2477 1028 2544 δὲ
1050 2470 1157 2565 npd‘
1133 2477 1293 2556 ωςνιλιο-

218 2575 380 2662 νοίζουοαν
406 2575 548 2662 κοιμίζει
573 2577 732 2663 (Reliqua
761 2599 839 2664 pars
865 2580 951 2644 nihil
973 2601 1061 2644 nunc
1083 2582 1228 2664 pertinet
1250 2582 1296 2645 ad

221 2705 294 2751 rem
332 2677 506 2762 nostiam).
567 2680 646 2746 Non
678 2701 811 2764 possum
844 2681 1043 2746 confirmare
1073 2681 1139 2746 lma
1170 2681 1297 2747 falsum

223 2807 314 2868 esse,
342 2787 401 2851 sed
431 2787 503 2850 seio
525 2801 590 2849 non
613 2783 691 2847 ideo
713 2803 827 2848 verum
850 2801 940 2860 esse,
965 2785 1044 2869 quia
1063 2785 1099 2850 in
1120 2782 1174 2846 his
1196 2783 1298 2849 selio-

216 2891 282 2954 liis
309 2889 475 2952 testatum¹
489 2896 551 2952 est
594 2885 642 2950 Et
663 2905 749 2950 οοοο
770 2887 879 2968 ipsum
899 2886 999 2950 video
1020 2903 1064 2950 ex
1084 2885 1297 2952 Bachmanni

222 2987 364 3056 scholiis
399 2989 651 3072 Lipsiensibus,
679 2990 725 3052 in
762 2987 915 3072 exemplo
945 2986 1117 3072 Lipsiensl
1149 2987 1297 3072 primam

223 3095 355 3188 partem
377 3083 658 3176 {totamm-
620 3085 830 3171 -νιοιμίζιι
859 3111 900 3156 ne
921 3090 1032 3154 inesse
1054 3089 1210 3174 quidem,
1232 3090 1299 3156 sed

157 3227 159 3230 ·
222 3182 345 3278 incipit
364 3185 496 3256 illisa
479 3215 497 3256 ο
516 3185 778 3276 Ἡρωδιανὸς
738 3209 797 3278 arse
817 3184 913 3258 από
904 3227 950 3242 -

308 3291 377 3362 Sed
402 3293 569 3360 fuerunt
559 3313 626 3356 ram
648 3301 724 3359 ante
746 3294 974 3360 llerodiaaam
996 3296 1059 3378 qui
1075 3282 1145 3360 οίνιο
1166 3292 1296 3360 scribe-

223 3398 347 3467 rent·
321 3417 393 3466 stre
415 3417 488 3463 eum
498 3397 657 3479 genitivo
678 3397 890 3462 oeaiunotum
910 3396 1297 3480 sireaonconiunctum,

225 3501 424 3569 nominatim
453 3498 681 3564 ›Ptolemaeus
711 3493 1187 3580 Ascalmita'(B‚1aat.›11·‚
1218 3500 1295 3564 669.

226 3609 274 3686 Β,
304 3607 397 3685 162),
424 3621 499 3668 aum
527 3601 677 3685 genitive
694 3600 734 3665 in
757 3608 968 3686 praepostere
989 3603 1099 3688 posita
1118 3601 1297 3686 praeposi-

226 3711 327 3774 tione«
343 3711 437 3774 certe
457 3703 818 3791 Tyraaniaafflfldl)
832 3708 876 3782 *).
1003 3727 1017 3746 ·=
1095 3727 1121 3743 ·’

230 3841 454 3862 m
560 3837 562 3844 '

237 3947 240 3956 .
295 3927 322 3993 ι)
339 3925 533 3996 ῑιιεοςιιοιῑοτ
556 3939 654 3986 οιτον.
679 3925 768 3984 cram
794 3923 835 3982 11.
857 3935 889 3998 p.
915 3929 979 3991 led,
1007 3927 1042 3985 83
1067 3921 1135 3980 dicit
1160 3919 1296 3982 adverbia
