2748 4496
90 1709 251 1814 prodiit
283 1761 392 1830 nuper
415 1742 533 1812 Caroli
554 1742 677 1812 Beckii
703 1743 857 1828 libellus,
884 1765 951 1834 qno
973 1745 1097 1812 inoerti
1118 1761 1178 1810 au·

93 1859 218 1954 eteris·
237 1861 431 1945 poemation
461 1859 508 1932 a'd
548 1865 787 1950 Calpurniumi
811 1865 973 1960 l‘isonem
999 1868 1177 1951 'sospitem
1204 1881 1208 1888 ·

93 1960 204 2028 Statio
236 1967 414 2036 vindicare
442 1967 582 2034 studuit.
630 1969 679 2036 Et
705 1970 861 2054 quamvis
888 1969 1016 2034 sintin
1038 1990 1079 2034 eo
1101 1989 1180 2032 ear·

93 2065 201 2148 mine,
223 2089 310 2152 quae
331 2072 427 2137 iilam
446 2071 673 2156 suspicionem
695 2093 833 2138 movere
856 2075 1005 2156 possint,
1028 2081 1178 2136 attamen
1251 2101 1254 2108 ·

93 2169 226 2254 aliquid
249 2175 410 2238 absonum
431 2175 474 2240 ab
496 2173 608 2240 Statio
630 2175 808 2258 percipere
832 2159 985 2241 videbar.
1030 2175 1183 2240 Necfal·

96 2293 153 2337 sus
181 2293 284 2345 erant.
335 2275 423 2343 Nam
452 2279 596 2361 primum
627 2296 765 2342 caesura
787 2283 864 2362 post
887 2279 1031 2360 primum
1054 2269 1180 2361 dacty-

94 2375 164 2440 lum
186 2384 345 2464 aequente
366 2380 495 2446 maiore
518 2398 623 2462 pausa
645 2379 696 2458 (id
717 2380 810 2464 quod
831 2380 920 2464 apud
942 2380 1037 2444 aurei
1049 2381 1178 2444 saeculi
1275 2415 1278 2422 ,

96 2485 216 2564 poetas
245 2483 455 2546 rarissimum
483 2493 557 2548 esse
584 2479 737 2559 uidetur>
764 2489 799 2546 et
820 2481 910 2566 apud
933 2479 1022 2544 hunc
1044 2475 1177 2566 poetam

97 2591 135 2666 et
152 2585 240 2668 apud
262 2585 407 2650 Statium
429 2605 496 2648 non
518 2604 598 2648 raro
621 2586 809 2662 invenitur,
832 2585 881 2648 ita
903 2591 1014 2646 tamen
1038 2593 1074 2646 ut
1101 2604 1178 2646 cum

94 2684 150 2752 his
170 2689 235 2754 260
256 2687 411 2754 versibus
421 2685 585 2753 eiusmodi
608 2687 773 2771 exempla,
796 2688 826 2752 ei
847 2688 991 2770 largiter
1012 2706 1178 2770 numeres,

100 2791 222 2874 uiginti
248 2791 420 2866 invenias,
449 2790 539 2875 apud
566 2788 712 2854 Statium
740 2788 897 2874 equidem
926 2789 1073 2854 diversis
1096 2808 1177 2873 ope·

98 2913 169 2956 rum
201 2895 355 2976 partibus
392 2893 468 2977 pari
499 2911 640 2956 numero
672 2911 829 2958 versuum
859 2891 904 2956 ad
926 2892 1092 2958 calculum
1115 2913 1178 2958 vo-

99 2999 176 3060 cato
213 3015 283 3060 non
312 2995 415 3061 saeile
444 2995 532 3060 citra
559 2995 683 3078 uiginti
710 3004 789 3070 octo
817 2995 985 3060 eiusmodi
1018 2995 1178 3061 caesuras

100 3095 302 3181 invenerim,
334 3099 426 3163 ultra
456 3098 597 3181 triginta
628 3117 697 3161 nou
730 3117 821 3162 raro.
874 3096 1012 3164 Deinde
1043 3099 1080 3163 hi
1112 3101 1176 3164 26⁰

98 3219 230 3282 versus,
253 3201 284 3265 si
306 3201 483 3286 exceperis
504 3219 664 3280 „necesse
686 3202 758 3266 est“
779 3221 813 3266 v.
836 3203 877 3267 lt
900 3207 934 3266 et
953 3203 1177 3286 „quareage“

97 3321 128 3370 v.
150 3304 214 3368 259
234 3303 387 3368 nullam
409 3303 562 3368 habent
583 3303 820 3380 elisionem,
844 3304 951 3386 unde,
974 3323 1176 3389 quamquam

49 3399 53 3407 ’
98 3425 162 3470 non
183 3405 265 3470 hinc
285 3407 393 3472 solum
415 3426 490 3472 esse
509 3408 680 3492 arbitror,
702 3425 832 3474 summa
853 3413 906 3471 est
927 3425 993 3489 qua
1014 3404 1081 3470 hoo
1103 3396 1176 3470 car'·

101 3527 172 3573 men
193 3509 331 3574 auribus
354 3509 528 3574 blanditur
547 3515 712 3578 suavitas:
735 3515 772 3574 at
794 3509 894 3574 Statii
916 3512 1068 3573 carmina
1089 3529 1175 3594 quo·

102 3631 228 3696 cunque
265 3611 342 3676 loco
381 3613 571 3696 evolveris,
603 3610 803 3679 elisionibus
834 3631 936 3693 parce
970 3630 1066 3675 usum
1100 3629 1175 3677 esse

12 3777 13 3780 ,
101 3733 259 3798 nosquam
281 3715 444 3781 invenies.

179 3815 273 3880 ilinc
307 3818 551 3905 certissimum,
589 3815 678 3881 illuri
717 3817 909 3904 poemation
952 3815 1062 3898 Statio
1105 3837 1172 3884 non
1266 3895 1279 3926 x

105 3938 200 4005 posse
221 3919 372 4014 attribui,
671 3920 675 3932 '
994 3927 999 3938 '

550 4011 721 4036 Μ

905 4055 948 4120 20
