2688 4520
246 271 293 350 18

242 473 368 540 incluta
401 469 573 536 mulierem
600 462 708 531 vetuit
732 463 770 530 lu
795 467 1011 548 conspectum
1041 485 1133 530 suum
1160 467 1290 534 deduci:

242 588 282 640 ιι
303 574 388 640 euno
408 591 458 638 na
478 563 1239 653 ocelrrutrinq-idomenusingeret.“

666 710 670 721 ·
730 701 811 783 §.e

322 825 540 912 Eloquentiae
557 823 630 886 sino
652 800 752 886 dubio
774 803 915 884 debebat
936 823 1125 906 praecipuo,
1147 843 1209 886 nou
1226 824 1291 886 cul-

238 929 335 994 lidati
356 929 462 994 solum
484 931 520 990 et
541 943 651 988 rorum
672 927 868 1010 cognitioni
891 921 994 1004 q¹¹⁰d
1002 945 1074 1008 eum
1088 919 1289 1015 potissimum

236 1032 402 1116 eligebant
422 1014 655 1108 Alexandrini,
678 1031 733 1112 qui
756 1031 907 1098 Judaeos
923 1019 1009 1132 apufl
1030 1025 1240 1107 Caligulam
1231 1047 1292 1088 lm·

236 1141 423 1240 potatorem
453 1133 630 1194 incusaret.
674 1129 751 1206 Qua
772 1153 873 1201 causa
884 1118 996 1196 simul
1013 1119 1135 1190 rectum
1148 1134 1224 1207 ost,
1255 1139 1290 1188 ut

236 1233 307 1300 elus
329 1251 446 1296 nomeu
469 1233 534 1296 ot'
526 1231 690 1312 ingenium
712 1253 792 1314 prae
814 1235 891 1300 aliis
911 1216 1293 1338 grammaticisiuClrri-

235 1339 416 1400 stiunorum
444 1331 676 1398 doctiorum
659 1337 693 1394 ot
722 1325 1128 1428 indoctiorum·1iutitiam
1155 1331 1289 1393 veniret.

234 1435 442 1500 luduxoruut
471 1453 543 1495 oum
571 1433 630 1516 qui
657 1403 731 1495 dum
760 1437 923 1519 apostolis
949 1439 984 1498 et
1005 1431 1122 1518 primis
1145 1412 1290 1516 patribus

234 1537 406 1622 disputans
439 1539 586 1598 veterem
615 1531 811 1626 religionum
842 1525 1050 1606 defenderet.
1103 1533 1224 1597 Euseb
1259 1529 1290 1593 lr.

232 1639 327 1706 Eccl.
359 1635 431 1718 Ill,
459 1635 501 1702 38
523 1633 724 1716 descriptis
748 1631 911 1709 Clementi
933 1611 1084 1702 Romano
1112 1635 1290 1720 suppositis

231 1743 334 1808 verba
360 1682 503 1802 faciens:
526 1725 588 1822 ἤδη
610 1731 647 1802 ds
668 1759 723 1800 και
714 1732 839 1826 ἕτερα
861 1734 1042 1834 πολυεπῆ
1030 1761 1081 1800 και
1092 1758 1201 1822 μακρα
1216 1757 1290 1820 συγ-

230 1835 401 1930 γράμματα
430 1831 526 1918 ἔχθει·
550 1832 607 1899 καὶ
635 1828 749 1926 πρώιν
770 1839 853 1918 τινὲς
874 1834 1074 1961 προήγαγον,
1101 1835 1232 1924 Πέτρου
1254 1833 1290 1918 δὴ

230 1939 286 2008 καὶ
309 1933 473 2013 Ἀπίωνος
494 1933 667 2020 διαλόγους
693 1937 902 2026 περιέχοντα·
925 1929 968 2004 ὧν
990 1933 1057 2003 οὐδ’
1079 1931 1179 2014 ὅλως
1183 1931 1289 2022 μνήμη

229 2063 279 2120 τις
310 2035 401 2127 παρὰ
432 2042 501 2116 τοῖς
532 2035 690 2114 παλαιοῖς
724 2040 870 2128 φέρεται
920 2041 1077 2134 Festinus
1105 2047 1158 2104 est
1184 2039 1292 2120 Apion

229 2140 572 2210 Plistoniccnsis
605 2139 640 2202 in
674 2144 959 2237 recognitionibus
992 2129 1191 2206 Clementis
1207 2161 1292 2224 quae

227 2243 393 2318 seruntur,
416 2241 438 2306 1.
462 2239 509 2306 Χ.
533 2261 565 2324 p.
590 2241 648 2306 151
667 2229 796 2324 [editio
818 2241 989 2310 Lamb'erti
1011 2241 1147 2334 Grutori
1171 2241 1287 2304 Colou.
1330 2243 1331 2252 ’

228 2347 340 2420 loidi:
362 2345 419 2408 ubi
442 2339 577 2428 quidum
600 2362 666 2405 nou
673 2334 838 2452 disputat
862 2367 935 2412 cum
957 2345 1075 2422 Petro,
1088 2343 1155 2428 qui
1176 2343 1287 2407 adest·
1329 2387 1330 2425 ι

225 2447 287 2514 sed
308 2465 383 2511 curu
406 2443 579 2510 Clemente
603 2403 807 2552 disputatio
830 2445 1017 2540 Epitome
1010 2445 1052 2510 de
1072 2443 1169 2530 rebus
1189 2444 1291 2528 gestis

227 2543 327 2618 Petri
349 2569 380 2634 p.
408 2546 482 2617 ³91.
663 2607 680 2656 *¹

310 2803 388 2867 lluc
408 2759 512 2887 igiim·
531 2801 613 2868 setis
633 2805 907 2888 superquemobis
917 2803 1046 2868 clarum
1057 2800 1132 2882 erit,
1144 2804 1181 2866 ut
1192 2798 1288 2872 homo

226 2907 294 2966 tam
324 2904 471 2968 iucunda
496 2903 672 2983 secundia,
706 2922 771 2988 qua
790 2908 879 2970 scita
910 2905 953 2968 ad
975 2905 1102 2968 animoa
1124 2902 1290 2965 hominum
1326 2903 1327 2908 ’

227 3003 407 3086 cupiendus
437 3005 607 3082 utebatur,
638 3007 745 3070 scitus
778 3029 857 3070 suae
884 3005 1059 3082 doctrinae
1091 3004 1288 3076 venditator,
1325 3047 1326 3052 1

225 3105 403 3168 multarum
425 3122 537 3167 rorum
555 3115 696 3185 gnarus‚‘
711 3107 911 3174 lectionibus
935 3106 1123 3172 Homericis
1144 3105 1289 3168 maxime

224 3203 435 3289 oppidorum,
460 3222 545 3286 quae
566 3207 722 3290 accessit,
745 3217 879 3296 plausus
902 3216 937 3272 et
956 3207 1211 3272 admirationem
1233 3215 1290 3267 ox·

225 3306 394 3398 citaverit,
415 3309 453 3368 ut
473 3303 659 3370 honorifice
681 3303 822 3385 etquusi
843 3329 920 3372 cum
940 3329 1059 3392 pompa
1080 3305 1289 3390 exciperetur
1323 3389 1324 3400 ἵ

226 3415 258 3472 et
271 3406 443 3488 llomerici
463 3408 659 3486 cognomino
681 3417 901 3474 exornaretur
911 3411 954 3484 t).
992 3409 1076 3474 ‘Hoc
1096 3409 1183 3473 enirn
1206 3404 1291 3470 inest

135 3592 138 3598 Ι
225 3511 262 3572 in
281 3508 432 3572 Senecae
452 3509 573 3570 verbis
587 3509 623 3584 (Ι.
645 3510 684 3586 l.)
706 3512 759 3586 „in
784 3532 902 3575 nomeu
921 3511 1063 3576 Homeri
1085 3510 1126 3573 ab
1139 3509 1288 3572 omnibus

223 3609 421 3690 civitatibus
432 3605 624 3692 adoptatum
633 3615 737 3677 esse.“
749 3610 825 3688 Quo
836 3613 970 3678 dicendi
981 3609 1289 3695 formulaApuleius
1321 3689 1322 3692 Ἴ

224 3766 441 3817 {uu-u·—

292 3919 318 3978 *ι
335 3915 413 3970 Diali
429 3915 470 3968 eie
488 3911 570 3968 etiem
587 3909 683 3973 Crates
702 3921 729 3970 st
750 3913 892 3972 Seleucus.
