2688 4520
168 245 215 306 ii}

169 445 299 510 essent
332 435 376 512 in
406 435 570 536 reliquis
598 431 951 527 dissertationibus,
975 432 1101 508 multa
1126 432 1169 508 in
1195 459 1256 510 se-

166 555 303 630 cunda.
357 555 450 633 Nam
477 557 509 634 si
535 581 581 632 ea
608 555 691 648 via,
716 579 831 654 quam
856 553 922 628 hic
948 552 1142 654 ingressus
1156 581 1255 649 sum,

165 698 317 752 omnem
344 687 522 754 veterum
549 677 766 752 doctrinam
793 675 845 750 de
872 685 1059 772 accentu,
1094 676 1148 751 de
1174 678 1256 776 spi·

162 793 266 890 ritu,
292 797 345 878 de
369 797 502 892 tmesi,
527 799 580 872 de
606 795 886 896 orthographia
909 794 1125 870 Homerica
1158 823 1256 896 per-

163 917 276 1014 sequi
301 917 529 1018 potuissem,
556 927 597 994 et
622 918 920 995 instrumentum
955 915 1071 991 huius
1102 917 1255 995 doctri-

162 1057 237 1112 nae
262 1063 452 1138 parassem
477 1038 654 1140 omnibus
680 1037 992 1136 acceptissimum
1019 1045 1060 1111 et
1084 1039 1257 1136 Aristar-

161 1155 289 1234 cheae
314 1157 626 1260 praeparationis,
647 1157 975 1278 complementum
1009 1157 1106 1234 mihi
1137 1167 1256 1260 quam
1336 1135 1337 1212 i

162 1279 327 1354 maxime
354 1277 621 1354 necessarium.
673 1276 785 1352 Haec
811 1301 915 1352 nunc
941 1279 1127 1358 omittere
1162 1307 1255 1357 coa-

161 1406 248 1474 ctus
274 1390 449 1473 solatium
476 1397 677 1498 quaesivi,
698 1397 805 1500 quod
831 1395 892 1472 his
917 1397 1105 1497 proximis
1141 1401 1257 1477 annis

161 1527 206 1593 et
240 1517 428 1618 quaedam
465 1517 542 1592 iam
567 1517 743 1618 'vulgata
778 1516 950 1593 subsidia
999 1517 1256 1618 expeditiora

160 1635 250 1714 iore
288 1635 514 1714 confidimus
551 1647 596 1712 et
625 1659 732 1712 nova
757 1631 980 1730 accessura,
1006 1640 1148 1737 partim
1174 1665 1257 1740 per

62 1757 81 1868 ὀ
120 1815 124 1826 ,
160 1755 390 1834 Crumerum
429 1756 577 1856 ipsum,
614 1757 756 1857 partim
787 1781 862 1856 per
892 1757 988 1832 alios
1012 1758 1254 1838 meritissimi
1336 1793 1337 1862 j

64 1869 80 1890 '⁶
158 1877 239 1955 viri
279 1903 458 1954 successu
496 1888 538 1952 et
574 1876 754 1952 laudibus
789 1875 988 1965 excitatos.
1041 1878 1121 1962 Qui
1145 1877 1256 1957 illud
1336 1885 1337 1942 ὲ

158 2023 383 2102 persuasum
395 1998 584 2092 habeant,
609 1996 804 2098 quidquid
823 1995 1013 2094 eiusmodi
1026 2023 1255 2076 monumen·
1336 1983 1337 2070 ᾗ

158 2129 290 2196 torum
317 2126 559 2218 protractum
583 2118 705 2194 suerit
730 2117 763 2194 si
788 2119 878 2217 quis
910 2118 1108 2197 fastidiose
1143 2123 1252 2200 acci·
1336 2151 1337 2172 ³

156 2239 242 2342 piat
266 2239 372 2314 hunc
397 2238 457 2312 uti
490 2237 654 2314 nescire.
717 2261 732 2272 “

259 2358 376 2440 Quod
414 2357 507 2432 olim
544 2359 587 2432 in
612 2357 842 2434 scholastico
878 2357 1019 2437 libello
1046 2360 1253 2441 edideram

155 2469 458 2577 „Quaestionum
486 2476 684 2577 epicamm
710 2479 910 2578 specimen
929 2480 1147 2580 primum,“‘
1167 2509 1252 2582 quo

102 2604 105 2622 '
152 2601 230 2678 viri
255 2599 413 2700 quidam
440 2596 548 2672 docti
575 2597 782 2693 adierunt,
807 2601 850 2674 in
874 2599 950 2674 hae
976 2603 1145 2678 secunda
1171 2604 1253 2678 dis-

154 2721 367 2798 sertatione
393 2719 513 2797 inest:
541 2743 642 2818 quae
653 2719 844 2820 pieraque
858 2723 1106 2798 retractanda
1120 2735 1250 2822 erant,

153 2867 203 2920 ex
228 2865 306 2940 quo
332 2839 496 2915 Venetis
523 2835 692 2916 Scholiis
718 2841 866 2914 rectius
891 2838 950 2914 uti
977 2841 1194 2918 didicimus.

255 2959 386 3034 Lubet
447 2959 638 3057 quaedam
696 2960 749 3034 de
800 2959 918 3034 tertia
971 2960 1248 3040 dissertatione

153 3081 360 3158 subiicere.
825 3140 827 3144 .
1091 3086 1106 3103 ⁸

252 3197 298 3275 Si
338 3197 424 3297 quis
450 3196 570 3272 hodie
619 3178 675 3274 up
704 3201 946 3302 Aeschyleus
985 3183 1248 3283 Prometheus

101 3333 103 3336 ’
149 3319 251 3394 bona
275 3318 500 3419 hominibus
525 3317 727 3417 impertita
753 3312 1004 3418 recenseret,
1030 3324 1135 3400 illam
1149 3347 1246 3424 pro·
1336 3393 1337 3406 ,

146 3442 269 3516 fecto·
291 3439 453 3516 ἁπάντων
474 3439 700 3536 μουσομήτορ’
725 3441 884 3545 ἐργάνην,
921 3443 1097 3518 criticam
1136 3444 1245 3540 dico,

144 3579 226 3636 non
251 3561 610 3662 praetermitteret:
626 3565 874 3664 'praesertim
899 3587 986 3640 cum
1019 3565 1149 3664 prisca
1184 3576 1246 3640 at-

144 3705 223 3779 quc
262 3683 419 3758 exoleta
455 3681 712 3784 superstitio,
739 3711 814 3784 qua
851 3685 987 3761 Jovem
1024 3685 1150 3784 ipsum
1189 3685 1245 3760 ab
1336 3767 1337 3770 Ἴ

55 3801 59 3803 ’
143 3801 341 3879 hominum
368 3803 616 3879 facultatibus
641 3803 716 3878 sibi
741 3814 918 3880 metuere
945 3805 1171 3897 credebant,
1197 3803 1244 3879 in
1336 3817 1337 3882 ξ

145 3947 191 3997 ea
232 3933 317 3998 rate
363 3924 441 3998 hoc
479 3949 576 4002 aevo
603 3923 790 4000 revixisse
817 3907 1011 4002 videatur.
1065 3926 1247 4008 Quodsi
