2832 4494
191 212 266 302 166

275 413 325 484 Hi
345 401 468 498 igitur,
492 421 528 479 ot
548 413 586 479 in
606 409 810 498 quibusdum
830 407 873 474 fit
893 415 1278 496 generibusadieotivo.

189 537 273 588 rom
297 516 582 602 compositorum,
615 517 668 582 sio
702 515 739 582 in
769 513 824 581 his
840 521 1014 582 accentum
1034 539 1080 586 ex
1100 520 1220 588 activa
1240 525 1277 586 et

188 624 325 712 passiva
346 619 596 706 significatione
618 618 782 702 distingui
805 617 983 682 volebant:
1011 637 1210 710 quamquam
1233 624 1274 689 iu

190 729 327 793 diversa
356 721 522 804 abiissa'
512 743 550 786 ιιι
582 743 685 786 causa
717 709 873 806 proiecto
906 720 1089 806 desperata
1106 725 1163 794 vel
1184 725 1274 796 haec

189 849 297 917 pauca
318 825 515 895 testimonia
537 824 724 897 declarant.

645 1079 817 1097 ψ*

537 1316 588 1373 »μ
661 1271 793 1360 GV.

266 1553 269 1564 ι
363 1506 553 1580 Θάλεια.
618 1505 808 1598 Λίγιια.
871 1502 1097 1593 Ἐλάχεια.

686 1697 716 1782 §-
740 1703 771 1766 1.

268 1873 365 1938 Eost.
394 1873 494 1948 1474,
522 1864 616 1942 54”
593 1894 649 1938 οτι
674 1851 774 1937 δαῖτα
794 1861 941 1938 θάλειαν
955 1869 1266 2016 προπαροξυτόνως

183 1971 267 2063 φησί
287 1998 373 2040 κατα
361 1970 572 2042 ἐπίθετον·
593 1967 678 2060 αὐτὴ
697 1970 814 2056 μέντοι
834 1966 1025 2056 καταμόνας
1046 1972 1268 2062 προτιαροξίι-
1338 2029 1342 2050 ,

118 2099 119 2104 ’
182 2101 275 2144 ossae
301 2075 358 2142 καὶ
385 2075 443 2142 διὰ
469 2077 531 2144 τοῦ
558 2100 571 2142 ι
599 2070 777 2200 γράφεται.
801 2097 833 2197 p.
857 2078 938 2155 749,
961 2080 1004 2144 36
1025 2073 1137 2144 θαλία
1159 2071 1243 2146 tie‘
1219 2102 1266 2156 ως

181 2175 348 2270 καρδία
342 2172 510 2265 ’.οάροξ
454 2201 577 2258 οτονως
607 2172 689 2264 αιἰτὴ
721 2171 742 2266 ἦ
776 2169 899 2260 εὐωχία
930 2167 1025 2246 δι’
1004 2201 1044 2266 ης
1071 2173 1197 2248 θάλλει
1217 2203 1269 2259 τις
1297 2200 1298 2209 ’

214 2275 405 2351 ..θάλεια
431 2279 546 2404 μέττρι
578 2303 757 2368 προπαρο
746 2274 884 2358 ατόνως
915 2273 1056 2364 εὐωχίας
1087 2277 1268 2350 ἐπίθετον

124 2413 153 2488 ,·
181 2383 238 2452 καὶ
259 2380 386 2472 μούσης
408 2381 446 2451 δὲ
467 2407 523 2450 και
514 2373 742 2471 οηρηίδος”
721 2406 836 2468 ονομα.
871 2383 916 2450 V.
942 2388 1043 2450 etiam
1056 2385 1266 2471 Theognost.
1287 2397 1290 2402 “

181 2489 294 2556 Crem.
319 2487 365 2554 ll.
387 2509 421 2572 p.
443 2487 496 2552 98.
519 2487 572 2554 99.
585 2487 642 2552 Et.
663 2487 760 2554 449
749 2508 796 2552 ιιι.
819 2488 904 2554 447
894 2508 940 2552 ιιι.
953 2487 1066 2555 Cram.
1080 2488 1128 2554 ΙΙ.
1142 2510 1174 2572 p.
1187 2491 1264 2572 919,
1288 2555 1294 2566 ,

178 2593 233 2658 96.
255 2590 462 2656 'lierodiaoi
485 2589 623 2678 quidem
644 2593 679 2654 et
699 2589 890 2675 aequalium
912 2589 1045 2656 diserta
1064 2591 1264 2656 testimonia
1288 2624 1294 2640 ι

179 2693 362 2771 deficiunt3
389 2693 451 2760 sed
477 2694 711 2758 omniooitam
738 2698 900 2760 constans
925 2691 985 2758 hic
1012 2699 1172 2760 accentus
1203 2701 1264 2772 est,

179 2799 283 2866 atde
304 2818 385 2864 usus
406 2783 800 2889 antiquitate'dubitatio
823 2794 911 2864 oriri
933 2815 1001 2861 non
1029 2797 1149 2880 possit.

73 2993 77 3008 .
150 2950 151 2962 ¹
263 2932 456 2998 Deducitur
485 2931 687 3016 quibusdam
714 2931 803 2996 loeis
828 2932 877 3012 (v.
901 2931 959 2998 Et.
982 2934 1058 2998 449.
1082 2932 1195 2999 Cram.
1219 2931 1266 2998 ΙΙ.

177 3059 210 3121 p.
233 3036 313 3113 919)
334 3034 400 3100 hoo
421 3034 619 3116 femininum
642 3055 664 3100 a
685 3036 791 3102 verbo
813 3028 944 3102 θάλλω.
988 3035 1036 3116 Et
1058 3028 1268 3121 quamquam'

175 3205 404 3230 qun-n·-

175 3325 249 3398 apud
293 3323 385 3380 aulum
402 3330 495 3392 apost.
513 3341 558 3394 ep.
576 3321 612 3378 od
629 3323 711 3378 Rom.
728 3323 759 3391 1,
775 3328 825 3393 90,
843 3338 896 3379 neo
913 3329 1039 3392 ueteres,
1057 3289 1112 3394 qui
1124 3327 1181 3382 hoe
1197 3325 1261 3382 ioco

174 3415 202 3466 ol
222 3407 293 3468 θεὸν
314 3410 461 3482 μισοῦντες
483 3408 607 3478 ioteiiigi
625 3409 771 3481 volebant,
795 3409 831 3464 de
849 3419 966 3464 accentu
985 3409 1076 3465 videri
1094 3412 1263 3468 mentionem

55 3561 58 3571 Ι
172 3499 281 3557 tacere:
299 3514 327 3553 ιι.
347 3496 481 3565 Fritzehe
498 3511 570 3551 eom.
589 3497 613 3550 1.
632 3513 662 3565 p.
681 3500 716 3554 85
746 3495 848 3562 item,
871 3495 1010 3550 utstatim
1027 3507 1161 3570 appareat
1180 3497 1266 3566 quam'

173 3593 231 3640 toto
255 3597 302 3638 res
328 3581 412 3638 nihili
438 3581 490 3648 sit,
514 3577 648 3649 θεοσολὴς
671 3577 685 3634 ὁ
708 3578 742 3635 τὰ
765 3578 826 3654 ἱερὰ
844 3581 936 3636 συλῶν
952 3599 1008 3636 ιιοιι
1026 3583 1110 3638 aliter
1127 3583 1262 3638 scribitur

172 3673 211 3732 (ιι.
230 3668 333 3732 Seio).
367 3665 500 3722 Fortasse
516 3684 576 3724 οοιι
599 3667 704 3724 iniuria
722 3667 831 3722 dicetur
848 3665 877 3722 in
895 3668 960 3736 ipso
978 3669 1177 3736 Aristophanis
1195 3669 1261 3723 ioco

170 3771 299 3823 magnam
325 3762 435 3826 partem
462 3752 520 3807 loci
542 3752 572 3808 in
589 3753 763 3822 amphibolia
781 3753 867 3821 positi
885 3758 961 3818 (ιιιιιιι
979 3755 1035 3831 hoc
1052 3771 1107 3807 ιιοιι
1125 3764 1202 3808 recte
1220 3753 1263 3808 sio

168 3840 315 3910 accepisse
331 3838 510 3895 scholiastom
527 3854 583 3894 ιιοιι
600 3840 738 3896 assentior
754 3838 913 3898 Fritzeehio
931 3856 960 3906 p.
978 3842 1026 3901 84)
1044 3839 1154 3910 perire,
1172 3839 1197 3895 si
1216 3847 1261 3896 to-

168 3927 209 3982 lio
226 3933 340 3982 accentu
356 3924 609 4008 iistiuguebantur.
