2688 4520
1053 219 1071 252 Ι

1046 285 1123 371 17'

528 495 557 580 g,
579 495 611 564 ε,
652 551 656 558 ,
767 541 775 548 .
978 538 982 553 .

125 597 196 668 noe
222 601 336 666 autem
363 599 564 664 momentum
596 595 751 684 protecto
776 597 812 664 io
839 599 982 682 Apionis
1005 597 1097 664 fama

52 721 158 788 magun
214 701 290 768 ruit.
330 700 504 766 Facundia
524 701 648 786 Apioni
669 701 796 766 diserte
817 703 986 766 tribuitur.
1008 701 1096 788 Gell.

53 801 120 884 vl,
150 725 358 890 gnmpion
391 801 542 869 Graecus
577 801 693 877 homo,
730 802 789 888 qui
818 803 1021 870 Plistonices
1047 808 1100 868 est

55 905 241 990 appellatus,
291 901 388 968 facili
424 910 526 988 atque
561 905 667 970 alacri
703 901 862 968 facundia
898 903 997 969 suit.“
1055 905 1102 970 Et

57 1009 250 1092 agnoscimus
279 1008 390 1074 statim
422 1005 569 1070 colorem
596 1007 776 1084 oratmium
803 1007 838 1068 in
860 1005 1037 1072 historiola
1059 1005 1101 1071 de

53 1110 226 1192 Androclo,
255 1129 353 1194 quam
381 1127 427 1172 ex
451 1107 544 1172 illius
571 1108 659 1172 libro
680 1109 795 1194 quinto
817 1109 1100 1192 Aegyptiacorum

56 1212 162 1276 retulit
181 1211 235 1286 rel
258 1209 430 1276 transtulit
449 1211 560 1293 potius
578 1209 764 1285 GelliusV,
787 1211 838 1276 ll.
872 1211 924 1274 En
936 1215 1104 1277 extremar

56 1313 205 1395 „Postea,
228 1313 357 1398 iuquit,
378 1311 572 1404 uidebamus
601 1309 801 1376 Androclum
823 1317 857 1376 et
876 1313 1005 1376 leonem
1027 1313 1103 1376 loro
1184 1303 1203 1350 ’-

56 1415 140 1481 tenni
164 1415 352 1482 revinctum
374 1413 456 1478 urhe
477 1416 549 1478 tota
569 1411 697 1479 circum
719 1413 876 1504 tabernas
897 1417 963 1478 iret
984 1413 1105 1478 donari

57 1537 127 1582 aere
156 1513 377 1588 Androclum,
410 1512 551 1580 floribus
582 1515 696 1602 spargi
721 1513 867 1585 leonem:
895 1535 1008 1578 omnes
1030 1515 1105 1578 lere

58 1621 167 1702 ubique
192 1617 311 1682 obuios
340 1615 472 1682 dicere:
494 1613 553 1679 hic
573 1622 625 1682 est
643 1616 697 1681 leo
717 1611 839 1702 hospes
860 1615 1020 1696 hominis,
1048 1613 1106 1680 hic

57 1725 102 1786 et
119 1717 212 1784 homo
233 1715 383 1782 medicus
411 1717 551 1783 leonis.“

128 1821 168 1886 lu
194 1819 311 1898 eodem
339 1819 428 1884 libro
455 1818 573 1904 quinto
603 1818 887 1904 Aegyptiacorum
914 1821 1110 1883 narraverat

56 1919 252 1988 historiolam
274 1918 317 1984 de
338 1939 452 1989 amore
473 1920 569 2004 pueri
593 1925 629 1984 et
651 1919 812 2006 delphini,
834 1923 891 2005 qni
914 1923 1109 1984 uisebantur

62 2021 208 2088 Puteolis.
268 2021 369 2086 Unde
397 2021 560 2108 quaedam
590 2021 720 2087 Graece
748 2025 897 2087 servavit
919 2023 1005 2088 Geli.
1026 2013 1110 2104 Vll,

58 2121 84 2188 8.
129 2123 302 2202 Quomodo
338 2122 421 2188 haec
459 2123 495 2188 in
533 2123 744 2213 Aegyptiace
774 2123 901 2188 aditum
932 2125 1111 2206 invenerit,

60 2223 162 2292 uam
182 2227 264 2290 acet
284 2245 330 2290 ex
351 2223 424 2291 ner.
437 2223 508 2305 vr,
532 2229 571 2291 15
594 2225 650 2289 fin.
673 2225 751 2300 (err.
773 2222 824 2303 11,
847 2226 868 2292 e
890 2231 961 2305 rna.
983 2211 1112 2310 simius

60 2327 136 2392 enim
166 2325 357 2413 Delphinus
387 2328 449 2392 sub
481 2326 626 2392 secundo
658 2325 853 2392 Ptolemaeo
886 2327 1114 2396 Alexandriae

60 2429 271 2509 spectabatur.
329 2427 536 2510 Dolendum,
566 2449 632 2494 non
663 2432 768 2494 totam
796 2428 1011 2496 historiolam
1036 2433 1115 2497 Gel-

63 2527 130 2594 lium
150 2549 304 2597 servasse
324 2551 390 2596 non
412 2531 521 2596 minus
541 2527 615 2595 sine
637 2528 740 2596 duhiu
760 2533 910 2598 suaviter
926 2539 1115 2598 enarratam

64 2629 141 2702 (uam
166 2631 219 2698 vel
242 2652 332 2698 nunc
352 2651 396 2697 ex
407 2631 517 2698 Gellio
539 2637 691 2716 apparet)
712 2653 809 2716 quam
831 2633 892 2698 illa
913 2639 963 2698 est
983 2635 1025 2698 de
1046 2637 1114 2700 An-

65 2729 177 2798 droelo.
216 2731 396 2800 Belnlerat
415 2735 463 2800 ibi
484 2731 634 2817 delphini
656 2736 798 2798 amantis
818 2739 852 2800 et
872 2737 970 2820 pueri
992 2767 1029 2786 -
1053 2737 1117 2802 lu-

67 2851 144 2916 sus,
172 2835 455 2918 gestationes,
483 2837 794 2920 aurigationes,
828 2840 864 2900 nt
894 2837 1027 2904 Gellius
1058 2840 1117 2904 ait.

65 2932 141 3008 „sat
160 2929 259 3014 dorda
278 2925 383 3004 d’odv
402 2927 492 3002 eidos
510 2931 817 3026 nepiAraorupxlnr
838 2936 974 3028 δελφῖνα
995 2937 1119 3028 ἐρῶντα

68 3029 192 3118 παιδός,
220 3033 276 3103 ναὶ
302 3034 390 3124 πρὸς
409 3035 566 3126 παιδικὴν
586 3034 789 3125 intonueras
809 3033 931 3127 φωνήν.
954 3035 1040 3128 ἀτὰρ
1061 3033 1120 3108 οὖν

70 3133 117 3202 roi
139 3131 402 3226 προσνηχόμενος
426 3131 444 3203 ὁ
466 3133 563 3220 ἰχθὺς
583 3131 754 3221 ἇνεδέχννο
772 3137 830 3206 τὸν
851 3143 959 3210 παῖδα
979 3139 1037 3210 ἐπὶ
1057 3146 1123 3208 τῶν

67 3231 172 3322 πόνων,
186 3235 244 3306 ναὶ
263 3236 323 3318 τὰς
337 3233 486 3319 luteas
495 3238 724 3327 περιστέλλων,
734 3237 834 3326 ἵναμὴ
844 3241 901 3310 τὸν
912 3239 1125 3328 ποθούμενον

67 3339 162 3420 κρᾶτα
182 3334 326 3422 lindesie,
348 3339 404 3408 soi
425 3337 573 3428 inundes
589 3337 832 3431 περιβεβηνόνα
842 3343 937 3430 μέχρι
948 3342 1124 3412 διακοσίων

70 3441 156 3526 ἀνῆγε
167 3437 320 3508 σταδίων.
341 3439 480 3523 ἐξεχεῖτο
502 3437 530 3510 d'
546 3433 612 3532 ἔρα
631 3439 652 3530 ἡ
671 3439 778 3534 Ῥώμη
800 3445 856 3511 καὶ
877 3449 972 3514 πᾶσα
992 3441 1013 3530 ἡ
1033 3440 1124 3512 'Iro-

72 3535 117 3604 lu'o
143 3537 340 3610 audoenum
381 3539 504 3626 ἰχθὺν
544 3539 772 3632 νηχόμενον
809 3540 890 3612 ὑπὸ
920 3539 1125 3636 Ἔρωτος,“

73 3638 214 3728 Denique
236 3666 343 3728 pauca
364 3647 524 3730 quaedam
547 3650 651 3713 verba
671 3651 811 3732 Apionis
834 3651 914 3722 (nou
935 3649 1128 3732 significato

73 3739 139 3808 libri
158 3747 271 3826 titulo)
302 3749 403 3812 affert
426 3748 512 3812 Geli.
540 3749 599 3828 Vl,
622 3751 652 3824 8,
687 3772 729 3814 ne
753 3771 794 3816 ea
816 3750 950 3836 quidem
972 3751 1048 3825 sine
1072 3782 1130 3828 ⁸0.

75 3841 208 3922 phistico
237 3849 354 3913 colore
382 3849 440 3925 „ls
467 3849 606 3930 (Apion)
636 3872 737 3936 quum
766 3850 809 3916 de
831 3849 1020 3925 Alexandri
1042 3867 1132 3948 regis

77 3941 219 4015 laudibus
247 3951 428 4028 scriberet,
458 3951 574 4036 Victi,
602 3953 730 4038 iuquit,
753 3951 862 4023 hostis
883 3979 1023 4032 uxorem
1043 3965 1134 4034 lacis

605 4087 610 4100 ·
888 4063 912 4130 2
