2676 4672
212 247 268 328 u
298 209 303 220 .

216 445 414 534 Apotiontus
435 441 584 524 resciat)
603 443 687 514 haec
707 445 917 514 wisuntiva
936 449 1013 514 sant
1035 442 1265 530 δστντντομένα

215 551 338 637 perde·
359 547 421 616 sod
441 549 608 632 quomodo
623 543 783 616 οιταδιοο
794 549 1052 616 retulerintnon
1072 550 1186 632 rideo,
1205 553 1262 615 nisi

216 643 292 721 οἶκοι
305 649 639 736 metaplasmum
659 651 820 737 putabant
840 659 879 719 nt
898 649 999 742 μέγα,
1021 651 1064 718 de
1086 673 1155 762 quo
1176 659 1265 720 antea

215 755 344 820 dictum
365 757 417 822 eat
429 755 496 835 t).

702 873 731 958 §.
754 877 787 942 3.

574 965 914 1064 ἣθέμτςέστί.

298 1093 376 1162 Hoc
405 1093 485 1180 ideo
516 1115 582 1160 non
614 1095 820 1161 intellectum
852 1101 922 1178 est,
944 1095 1034 1182 quod
1056 1113 1198 1180 prorsus
1216 1095 1266 1160 ab·

90 1217 93 1229 ·
155 1276 160 1296 „
215 1195 334 1264 horret
371 1219 393 1280 a
428 1199 543 1264 nostra
580 1197 830 1264 consuetudine.
904 1197 947 1261 ld
980 1204 1091 1264 antem
1125 1205 1178 1265 est
1217 1199 1267 1262 ati-

215 1299 316 1386 qnid;
337 1300 462 1385 quoin
487 1297 543 1366 his
563 1301 817 1384 quaestionibus
838 1299 941 1366 facile
962 1301 1071 1386 caiigo
1093 1301 1267 1367 offunditur

216 1402 332 1466 oculis.
373 1401 523 1466 Nostrae
543 1401 789 1482 consuetudini,
811 1421 897 1486 qnae
918 1422 1019 1488 saepe
1040 1410 1169 1480 nostra,
1182 1421 1267 1486 saepe

214 1501 483 1587 Byzantinornnr
510 1509 580 1586 est,
611 1503 662 1568 ita
687 1502 968 1582 inhaerescirnns,
994 1511 1034 1570 ut
1053 1507 1266 1572 vetustiorum

132 1651 136 1655 -
214 1612 397 1692 praecepta
422 1607 645 1674 intermortua
677 1612 713 1670 et
731 1606 883 1671 'dissona
904 1605 1060 1671 doctrina
1079 1609 1202 1672 innixa
1221 1626 1267 1692 po·

214 1707 339 1772 tiamur
364 1710 462 1775 nobis
483 1729 504 1773 e
525 1707 795 1774 manibuseiabi.
838 1709 931 1773 Hinc
948 1711 1076 1793 opinor
1097 1710 1268 1795 Spitnnero

214 1811 381 1876 accidisse
416 1811 479 1886 (lle
508 1830 583 1876 exc.
617 1809 696 1887 lt),
732 1815 769 1872 nt
783 1815 954 1876 :aeteram
976 1813 1175 1878 sententiam
1196 1799 1268 1894 dei

212 1905 317 1992 ¹{deine
336 1906 410 1978 ἐστι’
429 1917 464 1978 et
483 1907 541 1998 ἥτε
569 1909 670 1993 θέμις
700 1905 773 1978 ἐστι’
790 1932 857 1976 non
879 1914 1106 1997 perspiceret,
1127 1912 1268 2008 queraris

213 2013 390 2098 Apollonii
424 2013 572 2099 Dyscoii
601 2015 880 2096 ioconteretor,
920 2013 963 2079 de
994 2016 1071 2081 adv.
1101 2017 1186 2098 559,
1211 2031 1267 2098 quo

212 2115 288 2196 ipso
314 2115 389 2180 ioco
414 2116 532 2182 videre
560 2117 643 2183 licet
669 2119 870 2191 clarissime,
896 2115 1025 2182 illisio
1046 2115 1269 2184 hacformnia

212 2211 236 2304 ἥ
257 2222 290 2282 et
310 2211 368 2302 ἥτε
389 2219 554 2284 adverbia
574 2219 691 2303 fuisse,
714 2239 802 2304 quae
821 2223 1062 2303 componerent
1082 2239 1160 2283 curn
1182 2213 1226 2296 ὥς
1242 2219 1269 2279 et

216 2313 366 2399 (istest).
407 2321 565 2388 Eiidem
586 2327 673 2388 inest
693 2325 728 2389 in
752 2321 1067 2409 locoEtyrnologici
1087 2320 1137 2386 M.
1163 2343 1194 2406 p.
1205 2321 1268 2398 tto,

215 2441 312 2505 quem
342 2411 426 2488 item
458 2425 513 2491 vir
543 2427 662 2490 doctus
695 2423 865 2504 adhibuit,
892 2413 992 2488 modo
1019 2423 1179 2494 attendes
1198 2421 1270 2485 haec

214 2524 301 2608 ipsis
326 2531 441 2612 paene
459 2526 573 2595 verbis
594 2549 639 2593 ex
661 2522 841 2611 Apollonio
862 2523 1004 2590 fluxisse
1023 2530 1058 2592 et
1079 2513 1189 2610 proni
1208 2521 1270 2587 ubi·

124 2649 126 2663 ’
215 2649 281 2710 que
302 2632 516 2714 scribendum
536 2651 610 2696 esse
631 2619 652 2716 ἢ
674 2629 817 2694 ethaeo
838 2628 939 2692 rerba
961 2619 1111 2705 ὀξύνεται
1133 2617 1270 2712 dodaci

215 2719 260 2806 ὣς
287 2724 465 2800 desiccandi
491 2730 530 2799 τὸ
558 2721 580 2816 ἦ
607 2734 658 2796 ita
684 2729 889 2796 emendanda
917 2748 991 2794 esse
1012 2721 1196 2815 ὀξυνομένῳ
1217 2717 1270 2810 δρα

215 2833 261 2915 τῷ
288 2828 333 2910 ὥς
360 2823 632 2923 ἀντιπαράκειται
659 2830 698 2898 τὸ
723 2826 820 2919 ἥ(ν
848 2831 1005 2914 Apoiion
1031 2851 1064 2896 v.
1096 2832 1165 2910 12).
1213 2825 1270 2894 Sed

217 2935 296 2996 sunt
323 2943 500 3017 praeterea
521 2937 713 3057 testimonia
736 2935 779 2997 de
800 2932 1008 2998 Herodiano.
1050 2932 1087 2996 Is
1109 2931 1153 2996 ad
1175 2931 1215 2996 ll
1235 2929 1270 3006 Β,

184 3034 259 3098 ’73
286 3034 345 3098 sic
356 3037 494 3100 scribite
520 3030 542 3120 ἦ
571 3035 671 3120 θέμις
697 3031 780 3114 ἐστι’)
807 3033 846 3098 τὸ
874 3026 894 3117 ἡ
922 3029 1115 3100 δασυντέον
1152 3027 1195 3100 οὐ
1216 3025 1270 3118 γάρ

102 3197 106 3204 .
218 3131 288 3200 εστι
314 3124 502 3219 σύνδεσμος,
530 3131 597 3200 ἄλλ
628 3134 844 3218 ἰσοδυναμοῦν
871 3137 919 3221 τῷ
942 3127 987 3212 ὡς
1007 3129 1184 3224 ἶπιρῥημα.
1226 3128 1270 3198 Ati

218 3235 248 3318 t,
272 3230 377 3304 let
359 3263 392 3320 η
407 3236 507 3320 θέμις
538 3232 736 3326 ἀνθρώπων)
765 3234 803 3302 τὸ
826 3229 847 3322 ἡ
869 3233 907 3302 τὸ
930 3259 1063 3324 πρωτον
1083 3233 1271 3302 δασυντέον
1323 3292 1324 3309 ,

138 3335 142 3342 ’
219 3332 289 3404 ἔστι
314 3333 377 3427 μᾶρ
403 3334 621 3425 ἰσοδυναμοῦν
645 3341 692 3428 τῷ
719 3331 782 3422 ὥς,
815 3336 946 3408 διὸκαὶ
968 3331 1272 3425 ὁτέττροςτίθτται

226 3455 441 3472 m

285 3511 309 3573 *)
334 3509 369 3574 In
394 3509 517 3566 Grameri
542 3508 647 3564 Artecd.
665 3507 763 3564 horum
789 3506 892 3562 mentio
919 3515 961 3562 est
983 3525 1011 3580 p.
1028 3506 1071 3561 11.
1093 3511 1154 3566 253.
1171 3511 1272 3566 439.-

217 3593 396 3650 Praeterieris
418 3611 517 3648 mooeo
535 3589 663 3662 Ἀθήναζε
687 3611 743 3650 non
764 3609 825 3648 esse
845 3591 1001 3660 Ἀθηναςδε,
1019 3592 1095 3661 quod
1112 3592 1271 3658 nescioquo

218 3679 367 3734 traditione
383 3680 528 3736 credimus

286 3769 327 3830 *t
343 3781 367 3820 v.
379 3771 411 3823 to
427 3782 483 3820 non
492 3766 608 3821 debebat
625 3764 773 3820 Beklrerus
790 3764 864 3831 qnod
878 3760 976 3816 Codex
992 3759 1122 3830 praebuit
1139 3755 1271 3826 ceveneio

214 3862 260 3919 χει
276 3849 305 3904 in
322 3867 413 3921 -χειν
430 3859 543 3909 moure.
560 3850 673 3908 Scribe:
690 3852 738 3909 καὶ
755 3850 809 3914 (tei
827 3849 943 3904 tortasse
959 3841 986 3915 ἢ)
1004 3842 1089 3908 οὕτως
1105 3849 1208 3918 φαμέν.
1225 3845 1272 3902 τοῖς

219 3973 226 3988 .
246 3971 253 3990 .
272 3973 279 3992 .
297 3973 305 3991 .
324 3929 491 4011 συνυπάρχον
511 3973 623 3995 .....
631 3974 649 4027 ,⁸
