2748 4496
1028 261 1281 378 xnoo·

114 471 294 558 probatur,
332 489 396 538 nec
431 476 699 572 improbabimur
731 477 1017 564 Cynegeticorum
1056 497 1190 544 versum

111 577 179 642 hoc
200 576 302 642 modo
309 575 543 672 refingentesr

197 657 400 746 nnvxedovdr
421 675 587 746 θανάτοιο
608 680 723 765 βέλος,
738 681 868 769 {opem}
888 675 1022 766 χόλον’
1009 685 1073 750 ιοῦ.

109 773 245 864 χόλος’
232 783 302 866 ιοῦ,
326 789 365 848 ut
386 777 571 874 χολόεις”
540 787 644 880 coel,
666 788 791 852 381.-

113 886 204 970 Cyn.
225 885 275 961 11,
298 888 361 954 403
384 887 508 974 legitur

161 983 287 1056 6666
308 987 365 1056 καὶ
386 983 536 1080 ὀθνείοις
556 983 744 1078 ἐπεμήνατο
767 983 881 1083 ὑψόθι
902 945 1065 1080 φίλιοοις.

115 1091 208 1156 Illud
239 1085 355 1183 ὑψόθι
388 1113 450 1158 nec
482 1115 601 1159 sensus
633 1097 702 1161 fert
727 1117 791 1160 nec
823 1116 953 1162 versus.
1001 1092 1195 1160 Brunckius

108 1196 265 1288 ‚coniecit
287 1190 451 1278 notitior,
475 1196 687 1262 Hermanuus
710 1198 831 1286 (Orph-
857 1200 939 1274 739)
961 1192 1081 1288 νειόθι.
1128 1197 1196 1261 Sed

114 1303 316 1382 agnoscetur
343 1301 504 1364 continuo
532 1299 761 1381 veraflectio,
785 1303 840 1365 ubi
864 1303 984 1367 dixero
1006 1299 1196 1384 profectum

113 1421 190 1466 esse
212 1404 254 1467 ab
276 1409 416 1468 auctore
435 1397 615 1490 βυοοόῧι.Ι
643 1407 798 1470 Attamen
820 1407 960 1491 lectioni
982 1424 1043 1491 per
1064 1424 1101 1466 se
1123 1422 1196 1464 cer·
1280 1431 1284 1442 =

114 1503 268 1570 tissimae
298 1505 335 1568 iu
367 1507 541 1570 imitatore
569 1505 700 1590 aliquid
734 1507 882 1573 accedit
902 1509 1003 1571 etiam
1037 1507 1197 1570 momenti

114 1628 160 1672 ex
181 1600 349 1691 βυσσόθεν
359 1593 521 1692 Hat'w,
544 1613 601 1674 17:
624 1607 801 1686 ἒςακοῦοαι
816 1602 985 1692 βυσσόθεν
996 1602 1142 1696 οἰμωγήν
1153 1611 1196 1702 t)¹

574 1777 747 1799 μαι-ιι...

203 1895 303 1962 Sed
293 1919 329 1963 m
351 1896 530 1984 utriusque
551 1901 714 1966 carminis
734 1897 960 1966 similitudine
981 1918 1047 1962 nou
1071 1895 1200 1959 diutius

115 1979 303 2076 morabor,
320 2003 477 2084 quamvis
507 2003 608 2086 plura
633 2002 750 2067 afferri
757 2001 905 2086 'possint
929 2003 1031 2065 etiem
1054 1999 1199 2076 caventi,

118 2125 161 2168 ne
194 2103 277 2186 quid
306 2101 360 2168 his
393 2104 526 2171 duobus
557 2108 733 2190 proprium
762 2107 910 2183 dicatur,
935 2103 1079 2187 quodsi
1104 2102 1201 2184 piura

117 2206 271 2290 eiusdem
297 2209 418 2273 aetatis
445 2209 598 2274 carmina
624 2207 825 2272 haberemus
864 2205 1013 2270 fortasse
1036 2211 1103 2268 tum
1128 2205 1202 2267 vul-

116 2315 233 2392 gatum
255 2309 361 2376 fuisse
382 2317 579 2412 appareret:
601 2309 769 2394 equidem,
793 2309 828 2372 id
840 2309 931 2394 quod
949 2314 1085 2374 acturus
1096 2327 1202 2386 eraut,

116 2412 163 2478 ad
185 2412 447 2509 discrepantium¹
468 2413 610 2500 perge*
1017 2511 1041 2550 l

648 2601 678 2665 1.

207 2769 378 2838 Versuum
411 2771 673 2857 spondiacorum
707 2789 836 2856 aequus
867 2767 941 2834 fere
963 2784 1120 2831 numerus
1141 2765 1204 2842 est,
1281 2829 1285 2848 A

121 2877 159 2938 et
180 2863 311 2938 eedem
320 2877 394 2941 sere
416 2877 654 2960 proportione,
685 2895 753 2959 que
774 2871 863 2958 apud
887 2870 1118 2989 Appilouium‚
1144 2869 1206 2932 Αι-

121 2979 377 3062 gonnuticorum
415 2983 450 3042 et
487 2978 702 3043 Lithicorum
750 2977 935 3059 scriptores
953 2956 1205 3038 inveniuntur.

126 3081 214 3144 ltem
258 3101 333 3144 cum
377 3081 496 3146 multis
539 3081 785 3146 recentioribus
820 3077 929 3162 epicis
951 3077 998 3139 id
1030 3093 1207 3139 commune
1312 3167 1322 3174 .

125 3181 270 3258 habent,
305 3188 341 3247 nt
372 3183 458 3250 duos
487 3185 693 3268 spondiacus
719 3185 962 3265 subsequentes
984 3178 1123 3242 minime
1146 3175 1208 3239 de-

125 3285 277 3368 fugiunt,
306 3287 387 3354 Hui.
413 3287 447 3361 l,
475 3291 529 3354 37.
548 3287 612 3352 «38.
642 3287 716 3352 117.
745 3285 820 3348 118.
843 3285 916 3348 386.
940 3283 1012 3346 387.
1036 3281 1109 3342 177.
1133 3277 1206 3342 478.

46 3387 56 3394 ’
128 3391 205 3457 586.
237 3392 312 3456 581.
346 3389 401 3467 11,
434 3391 509 3456 666.
542 3391 617 3457 661.
649 3391 722 3456 611.
745 3389 820 3452 615.
844 3385 917 3450 638.
941 3384 1015 3450 639.
1037 3385 1111 3448 656.
1134 3382 1213 3478 657.

198 3643 222 3705 ”)
241 3643 303 3700 Hui.
324 3645 354 3712 1,
373 3649 424 3704 113
444 3647 494 3719 in
511 3640 564 3698 οὖν
588 3637 714 3714 φιλότητι
737 3639 881 3716 διακρίνεις
898 3637 1048 3697 ἐκέδαοοας
1063 3636 1173 3708 Aroma
1190 3649 1231 3702 v⁸

128 3725 276 3798 oiyip'erru
302 3732 349 3782 καὶ
374 3728 441 3803 ἠέρα
466 3733 514 3784 καὶ
533 3726 619 3800 pondu
642 3725 731 3798 ὕδωρ,
752 3730 809 3782 Καὶ
828 3723 921 3796 χθόνα
939 3720 1147 3794 παμμήτειραν,
1165 3720 1213 3775 ἀπ’

128 3813 254 3882 ἀλλήλων
279 3807 311 3869 ‹u'
335 3815 446 3870 inanire.
489 3815 602 3870 Hierum
629 3813 712 3869 indi
730 3812 829 3868 ἕκαστα
849 3813 1022 3865 Hermnunus
1039 3811 1105 3877 tert,
1124 3810 1214 3876 orph.

128 3919 159 3970 p.
177 3907 236 3960 738.
272 3901 328 3956 Sed
348 3919 403 3956 nou
422 3910 530 3958 constat
545 3907 654 3960 sensus:
696 3897 770 3956 Mihi
792 3899 901 3956 videtur
919 3895 1081 3974 scripsisse:
1101 3892 1146 3950 ἀπ’
1166 3895 1216 3947 66·

110 3983 222 4054 ’λήλων
239 3987 274 4042 dt
288 3985 307 4040 ι’
328 3987 455 4050 inducor.
