2688 4520
86 493 98 534 t

209 407 454 505 δισοημδνιιιν·
475 405 496 480 δ
521 411 561 482 ot
576 404 715 480 Ἀπίαν
735 403 948 491 δνιίπσι**),
976 411 1039 480 τοῦ
1061 403 1270 500 Ἀριστάρχου

208 513 472 605 σισημσιοιμίνσυ
503 508 558 582 διι
587 512 627 582 ιδ
654 505 781 602 φρδσοι
807 505 972 582 einim
998 506 1058 580 ini
1087 517 1149 582 τοῦ
1171 509 1270 581 abacis

209 613 376 688 ιδοοπαι.
426 618 539 704 Magis
568 615 714 683 sortasse
735 615 920 682 dubitabile
940 607 1042 693 οδλος
1058 607 1185 682 Ἀπίων
1204 611 1270 682 δίσ-

208 743 267 801 ιιοο
291 721 447 809 σιδηροῦς
465 755 508 772 -
526 719 571 786 cl.
592 716 665 784 acb.
701 717 840 792 ι11826.
874 717 1107 802 improbamus
1129 718 1219 802 quod
1238 719 1270 780 in

209 825 484 908 interpretatione
504 820 660 888 vocabuli
679 818 830 899 Σμινθεῦ
841 815 1000 884 discessit
1021 820 1063 884 ab
1074 819 1270 886 Aristarcho

208 947 243 1012 p.
270 929 344 994 142.
397 925 567 1004 Quantum
593 923 635 986 ab
662 917 882 986 Aristarchao
903 939 997 985 moro
1019 921 1205 987 Homerum
1227 940 1271 986 ex

206 1029 391 1098 Homero
407 1025 650 1113 explicnoniet
669 1021 935 1108 simpliciter
955 1023 1205 1105 explicandi
1221 1025 1272 1088 ab·

206 1131 321 1214 suerit.
343 1130 398 1196 vel
419 1127 483 1194 boc
503 1127 615 1200 docet,
635 1123 726 1210 qnod
735 1115 971 1211 χρυσάμπυκας
982 1125 1148 1209 explicuit
1157 1145 1270 1212 χρυσο-

207 1229 371 1318 2ois'vouc,
394 1232 466 1312 169,
488 1231 519 1297 λ.
568 1223 615 1293 at
634 1225 720 1292 hocs
710 1220 966 1310 τανίγλιοοοοι
987 1228 1132 1313 κορῶναι
1153 1220 1272 1314 ponpi-

206 1355 333 1423 φαινοι,
359 1324 573 1415 ποταμίνην”
550 1349 686 1412 οχουσοι
704 1322 763 1414 τὴν
783 1319 913 1416 ’φαινῆη
935 1331 1010 1410 119,
1030 1331 1085 1395 20.
1126 1323 1273 1415 Βοάνρια

204 1431 242 1504 oi
268 1427 423 1512 ἀσπίδος.
446 1425 466 1498 δ
491 1428 532 1500 δι’
547 1423 744 1498 Ἀπίων
706 1454 749 1498 τοι
769 1423 806 1498 ia
825 1430 908 1518 βοῆς
928 1422 1123 1518 ἧνριυμίνοι
1128 1428 1274 1500 τουτέστι

207 1536 267 1625 τῆς
285 1529 390 1624 μάχης
408 1527 553 1624 λοίφνρσ.
598 1533 645 1600 Et
667 1533 747 1600 alia.

293 1687 455 1754 Vidimus
487 1685 522 1751 io
554 1682 756 1752 Aristarcho
787 1683 938 1762 studium
964 1667 1194 1772 etymologiae
1215 1706 1274 1750 non

208 1791 381 1859 exclusum
402 1789 525 1871 fuisse,
548 1787 606 1854 sed
629 1807 735 1872 paene
757 1785 976 1854 delitesceret
1009 1795 1128 1854 contra
1150 1795 1275 1872 etymo·

209 1892 322 1977 logias
353 1891 587 1975 cupidissimus
619 1889 788 1974 reperitur
815 1891 914 1974 Apio.
964 1890 1171 1976 Saepissime
1192 1888 1275 1976 apud

193 1984 470 2078 ‚Apollonium‘
453 2015 473 2057 o
495 1991 532 2060 δδ
548 1985 688 2058 Ἀπίων
708 1989 1000 2076 ἐτυμολογῶν,
936 2027 975 2043 -
1029 1992 1111 2058 alibi
1133 1995 1192 2058 nbi
1214 2015 1275 2058 non

95 2146 99 2151 -
209 2095 296 2162 dicit
326 2095 412 2159 latet
437 2094 520 2178 hoc,
547 2116 576 2164 c.
607 2114 639 2180 g.
663 2087 786 2218 potore
808 2085 857 2158 δ’
859 2086 1024 2159 Απίιονι
1007 2117 1026 2160 o
1049 2093 1205 2183 λαμπρὰς
1224 2093 1275 2162 καί

207 2193 323 2275 λευκὸς
349 2195 408 2282 τῆς
432 2189 692 2284 περικεφαλαίας
720 2181 809 2282 ἧλος.
853 2193 1072 2280 Significatu
1094 2191 1174 2284 peirn
1196 2219 1275 2266 esse.

209 2297 279 2367 Seri
305 2317 380 2364 oum
409 2297 570 2383 quaedem
593 2316 637 2362 ex
657 2299 729 2366 eius
751 2298 964 2384 etymologiis
986 2299 1185 2380 speciminis
1204 2321 1276 2386 gra·

206 2400 259 2468 tin
280 2399 478 2484 apponenda
499 2401 579 2482 sint,
591 2401 741 2466 Deorum
763 2401 925 2485 quaedam
939 2399 1275 2486 epithetaponamns:

214 2493 398 2582 flaricg‘
374 2525 419 2589 ως
445 2500 505 2582 μὲν
515 2495 652 2568 Ἀπίων
674 2495 742 2567 ἀπὸ
766 2503 825 2568 noi
847 2496 961 2590 ποίοιν
982 2499 1060 2580 τοὺς
1080 2497 1185 2582 λαούς
1207 2507 1278 2598 126

208 2605 262 2674 29.
294 2607 400 2682 σῶκος
423 2603 614 2670 Mercurius
641 2597 818 2680 οωσίοιιιος
843 2581 904 2674 (sc.
936 2595 1104 2686 σοίοινιος),
1128 2607 1206 2690 148,
1238 2565 1278 2672 16

210 2709 254 2774 cl.
292 2703 495 2791 llssyche·
507 2705 640 2772 collide
671 2699 740 2771 boc
777 2705 1003 2788 excogitavit·
1048 2699 1214 2793 πόρδαλις
1240 2741 1278 2756 -

206 2801 347 2874 Ἀπίων
376 2805 414 2874 δέ
441 2828 524 2895 φησι
550 2803 744 2896 διαφέρειν.
772 2801 934 2894 πόρδαλιν
948 2803 1079 2890 ‘fiir
1041 2831 1105 2894 γαρ
1125 2804 1164 2873 τὸ
1188 2804 1321 2898 ciper-

144 2940 148 2961 ι
209 2901 313 2983 νικδν,
345 2902 511 3004 πάρδαλιν
543 2907 580 2976 δὲ
610 2902 669 2995 τήν
695 2901 846 2996 θήλειαν,
874 2905 931 2974 κοί
955 2905 1013 2974 σδν
1040 2906 1100 2994 μὲν
1125 2907 1200 2984 ιίπδ
1221 2909 1279 2977 ποῦ

169 3099 171 3103 ι
208 3002 451 3097 opobalsama,
473 3007 531 3096 τὴν
553 3007 592 3077 δδ
613 3005 682 3078 δπδ
703 3011 764 3076 τοῦ
784 3002 1028 3098 ποροίλλεσδαι.

294 3159 500 3244 Saepissime
528 3159 614 3224 illud
647 3164 783 3246 peccat,
815 3165 855 3228 ut
881 3162 1032 3248 syllabas
1057 3166 1278 3250 paragogicas
1320 3167 1321 3248 l

101 3263 104 3271 '
210 3283 273 3352 pro
295 3263 504 3328 radicibus
486 3263 643 3346 explicet,
667 3284 696 3329 e.
718 3283 750 3347 g.
772 3255 927 3349 νηπύτιοι
949 3254 1088 3350 δίφωνοι,
1111 3260 1156 3344 ὡς
1174 3265 1282 3332 ἔνιοῦ
1320 3305 1321 3390 y

132 3961 144 3982 N
212 3871 353 3952 πεφροδοι
326 3876 415 3932 σιιοδ
387 3873 570 3946 opperiretur
587 3879 669 3932 εἴποι.

210 3389 250 3456 νη
279 3361 334 3430 καί
362 3366 422 3431 τοῦ
447 3357 575 3448 ἤπυσα,
598 3359 709 3433 ὅέστι
730 3366 860 3453 φωνεῖν.
903 3365 1115 3432 Prudentior
1134 3368 1275 3452 Apollo·
1320 3397 1321 3476 y

216 3517 441 3534 Μ
1320 3481 1321 3536 λ

277 3623 316 3682 *·)
335 3620 384 3677 Sic
400 3636 455 3676 uon
473 3621 593 3692 scripsit,
612 3628 643 3674 nt
658 3636 697 3676 ex
715 3634 793 3689 seqq
810 3627 902 3688 petet:
911 3635 970 3675 nec
988 3621 1065 3690 quod
1081 3619 1121 3675 oli
1111 3637 1148 3676 rm
1165 3587 1321 3720 legemr-i

212 3713 259 3764 tur
285 3701 418 3761 ἂνεῖπιο
408 3723 539 3764 suerum
563 3705 686 3760 videtur:
712 3706 756 3760 lor
757 3715 829 3761 tasse
851 3706 915 3761 δνιλ
931 3724 975 3760 ιιο
966 3707 1070 3761 ελπιο
1087 3707 1132 3760 vel
1150 3709 1226 3768 (uam
1243 3691 1321 3778 sici

211 3807 325 3860 quoque
345 3791 477 3858 scriptum
494 3791 541 3846 inv
524 3792 647 3846 venimus
663 3790 737 3870 apud
753 3792 958 3862 grammaticos)
975 3789 1037 3850 ιἰνολ
1055 3793 1136 3848 cinos.
1154 3791 1321 3880 llcaycb.

1212 4181 1218 4188 ’
1176 4217 1321 4512 υ
