2832 4494
142 183 317 318 me

94 433 101 442 ⁸
193 443 281 532 quid
308 443 345 509 in
373 437 484 529 λίγεια
508 437 683 515 occurrit,
709 435 904 522 putaverim
938 431 1096 522 equidem
1130 431 1212 504 ilem
1237 435 1292 504 λί-

196 571 272 636 γεια
299 549 343 612 ab
371 547 474 626 initio
498 543 546 610 ad
575 543 730 610 citharae
752 540 996 626 proprietatem
1018 537 1294 623 significandam,

198 653 256 718 cui
289 651 473 737 praecipue
501 654 620 732 aptum
657 645 906 723 videretur,a
885 642 1044 707 averbo
1073 641 1190 708 fictum
1213 663 1295 709 esse

195 755 310 831 (cuius
345 755 475 839 primus
518 769 592 815 eor.
629 747 674 814 de
703 767 810 812 neruo
856 743 1027 810 stridente
1059 757 1112 810 est
1143 737 1192 828 ’Δ,
1228 749 1297 813 1²5

195 853 288 944 λίγξε
329 851 432 942 βιός).
519 851 657 918 Deinde
699 821 833 914 demum
876 848 1118 921 mascnlinum.
1163 855 1199 915 et
1242 851 1297 914 ln-

196 964 288 1027 tiore
326 960 463 1046 quidem
496 953 750 1042 significatione
782 956 833 1026 (v.
862 954 966 1030 noe),
989 951 1193 1035 accersisse,
1220 971 1296 1017 non

196 1071 375 1150 utrumque
402 1061 521 1130 eodem
552 1059 631 1125 nisu
661 1055 790 1121 editum
817 1073 902 1121 esse.
932 1090 975 1104 -
996 1055 1048 1121 Ut
1070 1055 1210 1142 quidam
1234 1075 1295 1122 re-

198 1369 357 1428 uocalitatis
380 1368 527 1424 notionem
550 1341 644 1422 lenius
666 1363 713 1418 rel
729 1370 808 1428 certe
827 1361 977 1420 iocundius
994 1363 1187 1438 adstrepentis
1205 1379 1296 1420 uoca-

196 1457 286 1514 litetis
311 1454 389 1510 notio
418 1471 449 1508 se
474 1453 639 1508 insinuaret.
686 1451 765 1506 Onne
791 1450 960 1518 ambiguitas
985 1449 1014 1504 in
1046 1451 1139 1506 ventis
1169 1451 1297 1505 maxime
1396 1472 1397 1484 ι

197 1550 350 1608 comparet.
389 1540 459 1596 Nam
486 1540 510 1594 si
529 1539 628 1605 Plato,
647 1536 801 1604 sophistam
819 1553 923 1606 agens,
947 1535 1023 1591 dixit
1040 1536 1162 1590 Phaedr.
1179 1543 1240 1595 230.
1260 1537 1295 1594 G.

174 1623 230 1681 ‘ad
253 1621 376 1681 εὔπνουν
395 1628 445 1680 τοῦ
468 1621 556 1680 τόπου
578 1619 616 1684 ὠς
637 1618 783 1692 ἀγαπητόν
807 1638 836 1676 τε
853 1622 901 1674 καλ
918 1618 1030 1694 σφόδρα
1047 1616 1116 1688 ἡδύ,
1134 1620 1249 1693 θερινόν
1265 1636 1297 1676 τε

198 1713 247 1766 κοιλ
271 1709 388 1784 λιγυρὰν
408 1707 515 1782 ὑπορρεῖ
535 1711 572 1778 τῷ
598 1709 806 1776 τῶνντεττέγων
829 1708 918 1777 χορῷ,
941 1721 1073 1774 quantum
1092 1709 1147 1762 hoc
1164 1709 1249 1762 distat
1266 1718 1299 1762 et

196 1801 234 1854 eb
256 1795 417 1852 Homericis
438 1795 525 1862 locis,
550 1795 599 1852 ubi
622 1793 658 1848 de
682 1792 773 1848 ventis
790 1793 907 1860 dicitur,
926 1804 952 1848 et
969 1796 1006 1848 ab
1025 1795 1079 1848 hoc
1098 1795 1214 1850 Quintio
1234 1795 1295 1861 ΙΙΙ,
1398 1855 1399 1860 ¹

197 1889 252 1967 646
278 1885 378 1938 πνοιαί
401 1898 432 1936 τε
452 1883 554 1952 λιγέων
575 1877 688 1949 ἀνέμων
711 1876 871 1981 ἀμέγαρτον
892 1875 1010 1938 osmari
1051 1882 1097 1936 Ad
1116 1881 1296 1936 Platonicum

197 1963 277 2023 usuum
294 1967 413 2039 propius
430 1967 567 2021 accedunt
592 1963 738 2035 tayopol'
723 1964 804 2030 αῆται
825 1963 917 2020 Νοοο.
935 1968 976 2034 X,
996 1969 1055 2024 183.
1072 1967 1134 2032 XI,
1151 1970 1213 2024 285.
1248 1967 1296 2021 Eo

199 2054 343 2126 pertinent
367 2051 446 2106 multi
475 2053 618 2107 rhetorum
637 2049 891 2120 sepbisternmque
913 2049 988 2119 loci,
1011 2069 1038 2106 u
1064 2053 1196 2109 Wernsd.
1217 2052 1296 2107 Him.

198 2157 228 2209 p.
254 2144 308 2196 274
331 2113 463 2202 (Aristid.
486 2138 521 2192 Τ.
545 2138 570 2192 1.
587 2155 616 2206 p.
634 2141 686 2196 376
708 2135 793 2190 uino.
813 2135 852 2190 ib
869 2139 942 2198 404).
976 2137 1296 2206 Eoilludlleliedori,

200 2222 314 2293 ἀνέμων
343 2225 434 2292 λίγεια
461 2219 542 2294 pind,
568 2226 695 2293 μείλιχον
718 2218 776 2293 γὰρ
800 2218 923 2278 ἐπέπνει.
965 2221 1056 2300 Sed
1048 2241 1077 2279 ιο
1095 2241 1132 2279 eo
1150 2225 1295 2281 curriculo

200 2310 315 2377 longius
343 2307 427 2364 etiam
454 2323 616 2377 perventum
643 2317 695 2363 est.
739 2307 809 2362 Nam
831 2305 957 2376 deipsis
974 2308 1057 2366 dulce
1074 2321 1103 2364 et
1120 2306 1222 2366 leniter
1239 2311 1295 2364 lo-

89 2385 91 2395 '
198 2394 393 2463 quentibus
420 2395 467 2449 vel
492 2392 670 2479 legentibus
676 2392 831 2448 dicebatur.
868 2391 1295 2464 Cuiusgenerisiniis,quae

189 2497 234 2536 ex
260 2479 352 2550 epicis
377 2480 496 2534 collecta
519 2481 624 2546 habeo,
649 2495 733 2534 unum
756 2475 915 2548 exemplum
937 2478 1037 2546 video,
1061 2481 1124 2534 Col.
1147 2485 1218 2548 669,
1243 2481 1294 2536 ubi

134 2627 138 2636 .
198 2575 346 2640 postquam
370 2565 479 2620 Helena
504 2565 616 2620 blandis
638 2544 740 2620 verbis
752 2562 885 2618 Paridem
896 2563 1026 2628 allocuta
1043 2575 1121 2632 erat,
1143 2567 1293 2625 adiicitur:

194 2658 259 2708 τοῖα
275 2647 358 2722 πόθῳ
375 2653 520 2706 ποθέουσα
537 2647 717 2752 λιγύθροος
702 2643 808 2706 εννεπε
817 2645 924 2720 νύμφη.
959 2649 1044 2706 Sed'
1035 2651 1157 2706 rnDion.
1178 2669 1294 2720 gramm.

200 2757 230 2809 p.
257 2743 310 2797 fibo
337 2736 542 2805 praescribitur
566 2737 614 2792 ἵνα
640 2734 689 2805 τὴν
713 2736 769 2807 μὲν
789 2732 989 2808 τραγῳδίαν
974 2738 1098 2807 aporiaris
1115 2735 1293 2808 ἀναγνῶμεν,

182 2822 247 2894 ’τὴν
263 2822 296 2878 «λλ
313 2823 467 2894 κωμῳδίαν
482 2824 628 2892 βιωτικοῖς,
646 2819 681 2878 τὰ
697 2821 730 2876 δέ
746 2820 854 2891 ἐλεγεῖα
871 2823 1034 2896 λιγυρῶς,
1051 2819 1083 2875 τὸ
1100 2823 1132 2878 ui
1151 2824 1218 2886 ἔπος
1233 2824 1293 2880 έν-

199 2908 319 2970 τόνως.
357 2909 421 2964 Ουο
442 2909 509 2964 loco
532 2900 745 2964 scholiastarum
767 2909 882 2976 quidum
906 2925 935 2976 p.
959 2913 1009 2966 75⁰
1032 2909 1124 2963 minus
1148 2919 1225 2964 recte
1243 2927 1295 2966 ex·

122 3010 124 3020 ¹
198 2995 307 3072 plicent
335 2987 501 3064 ὀξυφώνως,
527 3004 570 3050 est
593 2993 688 3063 potius
711 3011 773 3048 cum
796 2993 860 3047 allis
884 2992 995 3048 dulcius
1014 2994 1163 3064 leniusque
1180 3012 1293 3052 sonans.

198 3082 235 3136 ct.
260 3080 341 3136 Sext.
364 3079 473 3146 Empir.
498 3097 568 3136 mus.
587 3082 610 3148 6.
627 3086 671 3138 50.
706 3078 910 3135 Schol..Dion.
928 3095 972 3148 gr.
991 3099 1020 3152 p.
1038 3084 1104 3148 713,
1127 3083 1162 3139 24
1180 3083 1216 3136 de
1234 3083 1293 3148 spi-

199 3166 256 3220 rim
281 3179 384 3234 aspero
406 3171 435 3218 et
457 3164 529 3222 leni:
554 3167 603 3220 καλ
626 3168 651 3219 εἰ
673 3162 728 3233 μὲν
748 3161 766 3232 ἡ
784 3161 864 3234 φωνὴ
882 3166 924 3231 εἴη
941 3169 1070 3234 τραχεῖα,
1088 3167 1137 3218 καλ
1155 3161 1245 3239 ὥςπερ
1262 3167 1293 3220 ἐν

196 3253 246 3306 τοῦ
271 3245 402 3323 θώρακος
423 3248 604 3324 λξερχοαένη,
626 3246 677 3304 ἐὰν
699 3247 756 3304 ἀπὸ
783 3245 941 3319 φωνήεντος
962 3244 1074 3320 ἤρχετο,
1098 3247 1251 3306 ἒδᾶσυνον·
1269 3255 1292 3306 ελ

133 3369 135 3380 .
197 3335 230 3390 dl
247 3331 349 3406 λιγυριλ
365 3353 405 3396 τις
418 3337 466 3389 καὶ
480 3334 597 3407 χαλαρὰ
614 3336 662 3388 καλ
676 3331 830 3405 ὑφειμένιγ,
849 3332 937 3404 ψιλὴν
954 3335 1083 3392 ἐτίθεσαν
1100 3337 1166 3409 περλ
1183 3333 1214 3392 τὸ
1232 3356 1293 3408 φω-

198 3423 273 3491 νῆεν.
309 3421 394 3476 Dion.
419 3423 483 3478 llal.
507 3423 544 3478 de
561 3423 650 3476 Tbnc.
668 3421 727 3476 iud.
745 3425 794 3487 24,
813 3427 828 3477 1
846 3421 896 3476 ἐπὶ
912 3421 945 3476 δὲ
961 3425 1008 3490 τῆς
1024 3426 1181 3484 συνθέσεως
1197 3423 1253 3478 τῶν
1270 3421 1289 3478 τ’

113 3539 119 3566 ι
197 3501 352 3562 ἐλαττόνων
373 3509 423 3561 secl
446 3509 501 3563 τῶν
523 3503 660 3576 μειζόνων
681 3511 791 3580 μορίων
813 3503 861 3574 τὴν
875 3505 1069 3578 1οἰιξιωματιιιὶγν
1085 3513 1134 3564 aot
1151 3506 1291 3582 αὐστηράν

196 3595 244 3646 καὶ
262 3590 397 3666 στιβαρὰν
414 3595 461 3646 οιαὶ
477 3598 626 3663 βεβηκυῖαν
643 3594 690 3647 rol
706 3588 899 3666 τραχύνουσαν
915 3599 975 3655 ταῖς
991 3597 1047 3648 τῶν
1057 3591 1233 3665 γραμμάτων
1241 3593 1290 3650 ἀν-

197 3683 333 3739 τιτυπέαις
356 3677 403 3740 τὰς
425 3677 511 3740 ἀκοὰς
533 3677 596 3734 ἀντὶ
618 3680 663 3746 τῆς
684 3680 800 3752 λιγυρᾶς
817 3681 866 3733 καλ
886 3682 1012 3750 μαλακῆς
1029 3683 1076 3734 καὶ
1094 3683 1291 3750 συνεξεσμένης

196 3766 245 3816 aod
262 3764 352 3834 μηδὲν
369 3763 483 3835 ἐχούσης
501 3764 662 3822 ἀντίτυπον.
680 3766 910 3822 -Recentiores
918 3766 1100 3831 scholiastae,
1120 3767 1166 3820 his
1174 3765 1288 3834 assueti,

198 3851 282 3904 etiarn
305 3851 431 3905 Homero
456 3868 652 3936 nonnunqpam
676 3851 835 3908 dulcedinis
856 3850 1092 3920 significationem
1109 3867 1228 3921 prorsus
1244 3850 1288 3906 in-

201 3937 348 3993 commode
366 3937 531 4006 obtrudunt,
550 3954 576 3994 u.
594 3937 629 3992 ad
651 3941 690 4004 T,
707 3944 733 3998 5.
750 3939 812 3996 284.
872 3954 875 3960 ·
1045 3946 1055 3984 l
